2975 4684
473 381 618 471 406

1017 391 1093 457 C.
1151 390 1494 458 PLINII
1544 388 1755 455 NAT.
1810 386 2061 453 HIST.

471 520 681 591 latum
738 520 905 615 pede
941 546 955 586 :
1008 519 1286 589 alterum
1351 520 1739 590 tetradoron
1778 544 1793 593 τ,
1836 518 2104 587 tertium
2159 516 2604 611 pentadoron.

407 651 434 683 ²
475 628 690 697 Graeci
714 626 884 694 enim
908 626 1158 719 antiqui
1185 626 1396 696 doron
1425 624 1716 720 palmum
1746 624 2084 694 vocabant
2096 620 2144 709 ⁷,
2170 636 2238 693 et
2262 622 2412 692 ideo
2437 622 2605 692 dora

471 731 953 823 munera,quia
989 756 1189 801 manu
1227 732 1565 802 darentur.
1584 736 1766 827 Ergo
1807 754 1846 799 a
1881 744 2169 825 quatuor
2208 742 2275 799 et
2309 732 2603 825 quinque

468 834 736 930 palmis,
771 850 972 929 prout
1006 854 1194 923 sunt,
1235 842 1681 909 nominantur.
1720 837 1971 906 Eadem
2001 850 2103 906 est
2140 834 2440 905 latitudo.
2476 839 2605 904 Mi-

465 965 628 1011 nore
671 942 738 1009 in
780 944 1055 1035 privatis
1095 946 1408 1041 operibus
1429 1001 1448 1034 ,
1489 950 1737 1037 majore
1770 945 1839 1013 in
1889 941 2170 1037 publicis
2207 956 2490 1011 utuntur
2530 944 2602 1011 in.

465 1048 745 1117 Graecia.
789 1049 1036 1118 Pitanae
1080 1053 1150 1121 in
1191 1054 1381 1137 Asia,
1421 1068 1493 1123 et
1530 1055 1598 1126 in
1633 1051 1961 1121 ulterioris
1995 1049 2327 1144 Hispaniae
2362 1050 2597 1119 civita-

463 1153 644 1223 tibus
667 1206 685 1233 ,
729 1153 1022 1225 Maxilva
1053 1172 1121 1227 et
1149 1156 1432 1229 Galento
1447 1146 1495 1247 ⁸,
1532 1156 1704 1228 fiunt
1745 1158 1981 1227 lateres
2000 1208 2019 1243 ‚
2054 1157 2170 1250 qui
2202 1157 2430 1226 siccati
2462 1180 2600 1225 non

463 1274 857 1354 merguntur
899 1264 967 1328 in
1018 1286 1209 1359 aqua.
1253 1268 1424 1335 Sunt
1468 1267 1642 1335 enim
1681 1289 1719 1333 e
1756 1276 1933 1333 terra
1970 1264 2346 1357 pumicosa,
2391 1286 2595 1355 quum

393 1376 426 1431 3
463 1368 676 1460 subigi
712 1380 968 1460 potest,
1002 1369 1399 1442 utilissima9.
1437 1374 1693 1458 Graeci,
1720 1384 2160 1465 praeterquam
2197 1368 2313 1436 ubi
2353 1392 2391 1437 e
2418 1365 2601 1437 silice

459 1473 602 1543 fieri
631 1487 893 1566 poterat
917 1489 1252 1546 structura
1270 1532 1289 1563 ‚
1315 1480 1597 1574 parietes
1625 1478 1937 1547 lateritios
1954 1474 2003 1501 ¹⁰
2028 1473 2397 1571 praetulere.
2428 1476 2599 1543 Sunt

457 1581 633 1647 enim
667 1582 895 1649 aeterni
913 1578 987 1666 ¹¹,
1017 1586 1070 1653 si
1096 1584 1181 1653 ad
1211 1584 1757 1681 perpendiculum
1792 1584 1973 1654 fiant.
2004 1586 2111 1652 De
2134 1606 2214 1651 eo
2240 1596 2307 1649 et
2334 1579 2597 1675 publica

459 1733 591 1772 tur.
579 1737 592 1749 ·
618 1717 676 1770 id
703 1732 878 1772 antem
905 1738 1119 1793 semper
1151 1725 1353 1795 geritur
1387 1744 1487 1795 per

457 1815 644 1850 manus
675 1800 931 1869 palmum.
954 1803 1038 1854 Ita
1071 1801 1220 1874 quod
1249 1816 1326 1857 est
1349 1822 1486 1875 quo-

456 1895 746 1955 quoversus
759 1878 996 1951 quinque
1013 1881 1336 1952 palmorum,
1353 1900 1488 1953 pen·

453 1949 714 2012 tadoront
731 1958 878 2028 quod
895 1973 1145 2030 quatuor,
1167 1960 1486 2015 tetradoron

455 2036 700 2091 dicitur.
729 2049 781 2091 et
802 2056 922 2107 qum
942 2051 1067 2092 sunt
1085 2039 1298 2111 publiea
1319 2058 1484 2111 opera

453 2117 796 2188 peutadoro·
781 2155 795 2168 .
827 2136 948 2188 quae
979 2118 1183 2189 privata
1211 2118 1484 2172 teti-adoro

453 2208 752 2251 struuntur.
788 2221 811 2243 n
846 2197 920 2250 At
945 2216 1054 2249 ιιοιι
1077 2198 1205 2250 item
1229 2218 1422 2251 nomen
1453 2218 1483 2251 a

453 2294 698 2331 mensura
722 2277 958 2346 primum
981 2294 1146 2348 genus
1171 2278 1330 2331 habet
1349 2316 1364 2341 ‚
1384 2277 1482 2330 Vi-

453 2358 632 2413 truvio
668 2368 831 2422 teste,
859 2357 1081 2426 ipsoque
1123 2375 1250 2409 mox
1288 2358 1484 2411 Plinio.

453 2438 636 2489 Hann-

533 2534 588 2585 7.
617 2515 790 2567 Dorou
821 2516 1034 2583 palmum
1070 2516 1328 2569 vocabant.
1359 2518 1481 2571 Pal-

452 2612 570 2647 mus
619 2607 846 2665 quatuor
891 2596 1144 2667 pollicum
1186 2597 1288 2651 fuit
1331 2615 1344 2649 :
1387 2616 1480 2669 pes

451 2672 782 2727 duodenum.
811 2673 990 2728 Ham).

531 2757 584 2808 8.
615 2753 838 2807 Maxilu-
875 2766 925 2805 οι
971 2754 1192 2809 calanco.
1222 2756 1481 2819 Μαξίλουα

450 2832 736 2888 Ptolemaeo
758 2833 966 2887 Baticae
985 2834 1268 2905 oppidum.
1293 2836 1484 2889 Calen—

450 2925 564 2965 tum
596 2912 807 2977 Plinio,
831 2912 918 2977 11,
955 2912 1020 2979 3,
1059 2934 1180 2985 pag.
1209 2918 1352 2984 ²69,
1382 2916 1477 2969 uhi

449 2991 748 3062 oppidanos
775 2991 1040 3047 Callenses
1056 2994 1316 3066 appellari
1337 2993 1476 3049 dixi

449 3091 584 3124 mus.
613 3074 693 3126 Ita
719 3072 850 3143 Reg.
879 3092 908 3124 α
935 3075 1214 3144 ceterique
1235 3072 1473 3139 codices,

450 3150 670 3204 totidem
687 3152 942 3222 apicibus.
965 3153 1028 3205 In
1048 3153 1197 3207 libris
1219 3154 1478 3209 hactenus

447 3230 632 3295 editis,
657 3230 844 3284 Massia
869 3244 920 3283 et
939 3232 1144 3287 Calento
1159 3272 1174 3299 ,
1201 3233 1473 3289 mendose.

447 3309 552 3364 Sed
599 3309 770 3363 multo
809 3313 1199 3383 corruptiorem
1231 3314 1474 3367 vitruvii

447 3391 624 3443 locum
647 3407 712 3443 ex
741 3389 982 3445 Pliniano
1009 3392 1331 3447 emendabis.
1356 3394 1472 3447 Ma·

447 3470 643 3523 xilvam
685 3470 830 3522 enim
875 3469 934 3522 in
977 3470 1164 3525 Gallio
1204 3472 1472 3527 civitatem

447 3548 731 3603 Massiliam
759 3550 1165 3621 interpolatores
1195 3554 1307 3623 ejus
1347 3552 1473 3607 libri

447 3630 894 3683 transformarunt
931 3648 945 3682 ε
993 3656 1016 3677 ι
1048 3630 1141 3684 Est
1188 3644 1366 3684 antem
1414 3634 1469 3686 in

447 3709 698 3779 Hispania
721 3710 973 3763 ulteriore
999 3710 1307 3774 Colentum,
1333 3722 1388 3764 et
1410 3712 1470 3765 in

445 3788 632 3842 Galliis
677 3790 910 3844 Massilia
927 3828 944 3857 ,
987 3790 1042 3843 in
1087 3790 1208 3844 Asia
1255 3791 1469 3859 Pitane,

447 3868 540 3919 ubi
580 3869 766 3923 lateres
812 3888 982 3942 quum
1031 3883 1155 3923 sunt
1199 3868 1373 3935 ducti,
1416 3884 1470 3925 et

447 3947 689 4003 arefacti,
733 3950 959 4021 projecti
1001 3962 1184 4005 natant
1217 3951 1274 4005 ἰιι
1313 3968 1468 4023 aqua.

449 4024 642 4079 Nature
671 4041 848 4080 autem
877 4048 968 4082 eos
989 4048 1142 4099 posse
1169 4030 1290 4083 ideo
1320 4029 1469 4084 vide·

1574 1738 1683 1789 tur,
1710 1721 1858 1797 quod
1883 1735 2021 1776 terra
2044 1733 2153 1785 est,
2170 1718 2241 1773 de
2260 1738 2368 1790 quo
2393 1717 2599 1772 ducun-

1573 1816 1681 1868 tur,
1703 1803 2044 1875 pumicosa.-
2020 1801 2245 1869 »Lege,
2275 1800 2527 1852 Colentum
2552 1810 2601 1849 ee

1574 1884 1841 1935 Mas-ilva:
1861 1881 2018 1934 deme
2048 1892 2253 1932 cetera.
2296 1879 2369 1930 H.
2394 1910 2473 1921 --
2494 1878 2598 1931 Ca-

1574 1964 1717 2015 lento.
1748 1962 1894 2014 Brot
1925 1979 1986 2013 ex
2017 1961 2177 2029 Regg.
2210 1956 2367 2010 codd.
2402 1976 2431 2009 s
2458 1970 2513 2009 et
2540 1958 2595 2018 3,

1572 2045 1625 2093 in
1646 2042 1817 2093 ulter-1⁸0
1820 2061 1869 2091 re
1894 2040 2159 2108 Hispania,
2190 2036 2460 2087 civitatibus
2486 2035 2598 2087 Ma-

1570 2121 1703 2173 xilva
1743 2132 1793 2171 et
1820 2118 2061 2171 Callento.
2088 2118 2155 2171 Ῑιι
2186 2112 2461 2168 montibus
2500 2115 2595 2186 qui

1570 2198 1826 2255 dicuntur
1862 2196 2289 2258 Simu-Morem,
2333 2195 2483 2247 locus
2516 2208 2595 2249 est

1574 2280 1703 2333 Cala
1728 2278 2024 2349 appellatus
2038 2314 2054 2343 ‚
2080 2276 2177 2330 nbi
2192 2273 2445 2328 videntur
2464 2274 2593 2327 fuis-

1572 2378 1629 2412 se
1652 2359 1891 2413 civitates
1917 2357 2022 2411 illo
2045 2354 2277 2410 Maxilva
2300 2370 2357 2409 et
2382 2354 2594 2409 Callai-

1572 2450 1707 2493 tum.
1740 2438 1843 2491 En.

1652 2540 1702 2587 9.
1732 2515 2309 2571 UtilissimaNitrnvius
2332 2511 2391 2566 id
2421 2512 2596 2583 expli·

1570 2618 1725 2661 cans,
1749 2596 1957 2651 100.cit.
1974 2614 2097 2667 pag.
2121 2596 2227 2649 23:
2252 2592 2383 2647 Sic
2396 2605 2595 2657 autem,

1568 2678 1775 2751 inquit,
1820 2694 2033 2768 magnas
2078 2674 2277 2729 babent
2313 2674 2595 2737 utilitates,

1566 2757 1713 2830 quod
1742 2774 1918 2829 neque
1945 2755 2003 2809 in
2030 2753 2467 2809 adificationibus
2488 2752 2595 2805 sint

1566 2828 1812 2907 onerosi(
1814 2836 1883 2889 de
1898 2835 2149 2889 lateribus
2160 2833 2451 2905 pumicosis
2465 2830 2593 2903 ugit)

1566 2930 1617 2979 et
1645 2936 1812 2989 quum
1831 2915 2127 2981 ducuntur,
2146 2934 2175 2967 a
2194 2912 2591 2983 tempestatibus

1564 3016 1673 3051 ιιοιι
1700 2996 2135 3050 dissolvuntur.»
2168 2994 2352 3048 Hann.

1650 3094 1734 3131 ιο.
1762 3077 1983 3129 Parietes
2004 3076 2254 3127 latericios.
2284 3072 2419 3138 Quae
2438 3070 2589 3123 dein·

1562 3174 1686 3227 ceps
1709 3169 2027 3227 sequuntur,
2050 3172 2217 3227 usque
2238 3151 2307 3207 ad
2330 3170 2389 3204 ea
2409 3150 2589 3213 verba,

1564 3256 1585 3279 ·
1617 3237 1799 3289 Roma
1828 3254 1939 3288 non
1964 3234 2101 3287 fiunt
2128 3234 2252 3287 talia
2278 3228 2525 3294 edificia,
2558 3254 2579 3275 ι

1561 3312 1629 3367 ad
1640 3314 1835 3369 calcem
1854 3315 1969 3369 fere
1979 3315 2137 3383 hujus
2146 3310 2350 3381 eapitis
2364 3306 2496 3362 totid
2502 3326 2587 3359 em

1559 3411 1711 3466 pone
1730 3395 1970 3467 apicibus
1990 3394 2309 3463 syllabisque
2330 3386 2473 3459 apud
2488 3388 2588 3438 Vi-

1558 3474 1790 3528 truvium
1824 3474 1997 3545 leges,
2024 3472 2117 3525 lib.
2144 3472 2224 3534 Π,
2256 3486 2372 3538 cap.
2398 3471 2450 3522 8.
2477 3467 2545 3518 Η.

1646 3572 1669 3607 1
1688 3554 1883 3607 1.Sunt
1902 3557 2025 3606 enim
2042 3553 2223 3603 aterni.
2239 3548 2395 3601 Tales
2412 3544 2587 3601 adhuc

1558 3632 1785 3703 parietes
1813 3636 1994 3686 Romo
2032 3628 2214 3684 videre
2248 3640 2329 3681 est
2356 3627 2413 3680 in
2448 3626 2585 3679 Pan·

1558 3712 1684 3767 theo
1702 3753 1717 3778 ‚
1742 3712 1797 3766 in
1823 3712 2019 3786 palatio
2039 3711 2303 3764 Cassarum
2320 3746 2335 3769 ‚
2364 3706 2420 3760 in
2451 3718 2589 3759 tem·

1558 3794 1651 3864 plo
1678 3792 1827 3846 Pacis
1845 3832 1859 3855 ,
1894 3805 1993 3846 etc.
2020 3792 2139 3863 Qua
2167 3801 2277 3843 arte
2304 3787 2381 3840 ibi
2412 3786 2583 3858 juncti

1558 3872 1667 3925 sint
1692 3874 1879 3926 lateres
1902 3868 2391 3942 explicat-eruditus
2412 3868 2587 3922 Ciam-

1560 3952 1673 4021 pin.
1721 3952 1902 4005 Veter.
1957 3952 2293 4003 Monument.
2343 3960 2472 4001 tom.
2526 3948 2553 3998 1
2568 3984 2587 4009 ,

1558 4048 1681 4102 pag.
1719 4050 1807 4099 70.
1838 4032 2005 4083 Bnor.
