2975 4684
51 544 88 814 wat-

51 1736 62 1768 a·-
51 1628 62 1671 υ·
51 1523 62 1565 ·-
51 1418 58 1457 ’Ἶ-
51 1309 66 1353 .-
51 1201 70 1248 η
51 1095 70 1137 w
51 978 77 1027 η
51 882 60 921 ν·-

71 913 78 918 ·
71 892 82 902 ι

1057 403 1362 472 LIBER
1411 403 1813 472 XXXVII.
2348 399 2479 469 651

493 535 640 604 LII.
683 535 1059 603 Proximum
1085 531 1432 602 cerauniae¹
1465 557 1709 602 nomen
1738 531 1913 627 apud
1936 549 2053 600 eos
2077 531 2279 600 habet
2294 587 2316 618 ,
2348 556 2493 626 quae
2534 569 2556 602 1

390 639 753 734 appellatur
781 636 953 708 iris².
981 638 1312 708 Effoditur
1349 641 1418 706 in
1455 639 1739 732 quadam
1784 637 1991 707 insula
2027 639 2235 706 Rubri
2274 641 2493 724 maris,

388 769 532 839 quae
565 745 761 814 distat
787 769 826 814 a
864 747 1180 814 Berenice
1226 745 1388 814 urbe
1424 746 1759 839 sexaginta
1804 743 2003 812 millia
2044 767 2211 838 pass.
2259 758 2495 814 caetera

391 852 490 919 sui
526 865 713 944 parte
749 849 1106 944 crystallus,
1137 853 1364 944 Itaque
1403 844 1667 944 quidam
1716 849 1999 918 radicem
2034 849 2315 942 crystalli
2355 870 2495 917 esse

389 955 710 1024 dixerunt.
770 959 1066 1024 Vocatur
1105 981 1185 1024 ex
1230 942 1657 1052 argumento³
1713 957 1844 1023 iris.
1908 957 2077 1024 Nam
2140 956 2261 1023 sub
2318 968 2494 1023 tecto
2600 977 2608 986 ·

386 1084 694 1155 percussa
717 1060 882 1144 sole,
910 1062 1154 1154 species
1187 1075 1256 1130 et
1283 1061 1535 1130 colores
1561 1085 1751 1130 arcus
1772 1057 2045 1129 caelestis
2070 1061 2137 1126 in
2164 1061 2495 1153 proximos

387 1167 664 1260 parietes
705 1165 1086 1260 ejaculatur,
1131 1167 1406 1234 subinde
1439 1181 1735 1250 mutam,
1776 1189 2145 1259 magnaque
2185 1168 2497 1233 varietate

389 1271 886 1339 admirationem
909 1273 1005 1340 sui
1035 1295 1300 1367 augens.
1333 1271 1767 1365 sexangulam
1794 1295 1957 1352 esse,
1980 1285 2053 1338 ut
2085 1269 2459 1364 crystallum
2478 1323 2497 1354 ‚

389 1389 666 1444 constat.
705 1375 830 1444 Sed
871 1399 1012 1444 esse
1039 1375 1287 1468 aliquas
1315 1379 1559 1445 scabris
1586 1377 1929 1466 lateribus,
1968 1390 2035 1443 et
2063 1374 2317 1470 angulis
2344 1378 2493 1444 inae-
2529 1384 2561 1416 ⁸

388 1476 688 1574 qualibus
713 1479 974 1563 dicunt,
1006 1481 1072 1548 in
1108 1480 1242 1550 sole
1279 1497 1509 1574 aperto
1542 1483 1867 1576 projectas
1886 1533 1905 1567 ,
1944 1481 2161 1549 radios
2193 1483 2259 1548 in
2293 1504 2361 1548 se
2398 1505 2500 1547 ea·

393 1583 621 1653 dentes
676 1584 1052 1654 discutere:
1093 1585 1340 1678 aliquas
1385 1611 1548 1655 vero
1604 1599 1753 1654 ante
1812 1611 1881 1655 se
1934 1587 2229 1680 projecto
2285 1586 2497 1653 nitore

389 1689 747 1782 adJ'acentia
789 1688 1132 1758 illustrare.
1173 1689 1446 1762 Colores
1477 1717 1636 1760 vero
1668 1717 1802 1759 non
1829 1688 1951 1760 nisi
1990 1694 2071 1759 ex
2103 1715 2314 1784 opaco
2354 1691 2497 1758 red·
2576 1732 2584 1750 .

393 1793 602 1874 dunt,
637 1819 760 1863 nec
799 1809 875 1862 ut
909 1797 1065 1888 ipsae
1105 1795 1425 1882 habeant,
1465 1797 1581 1866 sed
1623 1811 1699 1864 ut
1746 1821 2131 1890 repercussu
2176 1797 2501 1890 parietum

389 1897 632 1967 elidant
664 1925 679 1966 ε
716 1901 1124 1993 optimaque,
1155 1924 1302 1994 quae
1332 1904 1649 1970 maximos
1681 1925 1871 1971 arcus
1900 1901 2087 1986 facit,
2124 1897 2503 1970 simillimos·

391 2029 520 2098 que
551 2003 937 2074 caelestibus.
970 2007 1088 2074 Est
1115 2019 1181 2074 et
1209 2005 1332 2072 alia
1360 1993 1503 2092 iris}
1528 2021 1765 2074 caetero
1788 2006 2042 2091 similis,
2070 2022 2137 2076 at
2166 2005 2496 2100 praedura:

390 2133 586 2203 quam
617 2111 836 2178 Horus
855 2123 1206 2178 crematam
1242 2124 1585 2204 tusamque
1602 2111 1687 2180 ad
1713 2113 2223 2180 ichneumonum
2246 2135 2503 2178 morsus

391 2213 680 2283 remedio
711 2239 850 2284 esse
871 2267 888 2292 ‚
923 2217 1103 2283 nasci
1139 2229 1358 2284 autem
1393 2218 1460 2284 in
1496 2215 1757 2285 Perside
1798 2217 2015 2284 tradit.

495 2321 672 2386 LIII.
712 2317 948 2385 Similis
993 2333 1090 2386 est
1129 2335 1436 2412 aspectu,
1486 2321 1601 2389 sed
1650 2345 1785 2389 non
1838 2321 2127 2413 ejusdem
2174 2319 2493 2402 effectu8‚
2548 2327 2565 2358 ¹

390 2446 536 2515 quae
565 2436 840 2491 vocatur
873 2446 1058 2490 zeros
1081 2421 1124 2504 ¹,
1151 2421 1299 2490 alba
1325 2419 1641 2517 nigiat‘lue
1671 2426 1927 2494 macula
1952 2429 2021 2494 in
2056 2441 2503 2494 transversum

279 2601 284 2605 ,
391 2528 829 2622 distinguente
871 2525 1269 2620 crystallum.

392 2768 530 2803 enno
577 2753 744 2820 1667.
785 2751 1098 2804 cerauniam
1143 2769 1307 2804 unam
1345 2749 1402 2801 in
1492 2740 1725 2816 rement),
1750 2767 1840 2800 seu
1870 2748 1971 2800 irin
1996 2749 2276 2817 Veterum,
2313 2758 2415 2807 iris.
2440 2755 2511 2806 Et

391 2847 575 2882 museo
600 2841 780 2880 nostro
809 2829 1086 2882 parisiensi
1118 2845 1404 2881 servamus.
1492 2827 1677 2882 eod'em
1740 2839 1915 2879 tamen
1974 2830 2187 2880 nomine
2232 2829 2511 2900 designant

391 2905 462 2960 Η.
479 2937 558 2948 —-
579 2907 736 2974 Quam
754 2909 804 2956 in
825 2907 1144 2975 loeofulmine
1167 2911 1279 2960 icto.
1303 2907 1404 2958 La·-
1492 2907 1763 2979 crystallus
1788 2903 2037 2976 quasdam
2062 2899 2233 2976 (quar-z
2265 2907 2505 2976 limpide),

393 2984 544 3057 pides
592 2985 668 3036 illi
707 2985 799 3055 qui
841 2984 909 3038 de
953 2987 1080 3038 calo
1119 2983 1406 3049 decidunt,
1492 2997 1625 3040 teate
1652 2987 1734 3039 Ct.
1758 2986 1943 3049 Hunc,
1970 3003 2088 3056 qum
2116 2999 2255 3038 certa
2287 2987 2506 3038 inclina·

393 3078 485 3118 aut
520 3063 762 3117 decidere
796 3063 1102 3130 creduntur,
1140 3065 1295 3116 nobis
1329 3064 1406 3116 vi·
1494 3067 1638 3120 tione
1663 3065 1731 3117 ad
1752 3065 1915 3118 solem
1932 3101 1949 3128 ‚
1976 3063 2162 3117 sideris
2188 3065 2467 3138 imaginem
2491 3106 2506 3128 ,

393 3141 590 3197 dentur
627 3161 738 3196 esse
775 3163 908 3215 quoe
947 3145 1106 3215 vulgo
1146 3143 1404 3204 dicimus,
1494 3143 1711 3215 siugulis
1728 3142 2029 3196 distinctam
2048 3145 2330 3212 coloribus,
2350 3145 2512 3199 radiis

386 3226 566 3294 pice-m
600 3225 922 3294 me'ee'ora'ques,
953 3225 1200 3275 adt-olith&
1221 3243 1244 3275 .-
1271 3241 1406 3292 quo·
1493 3223 1761 3285 refractis,
1811 3223 1867 3276 in
1916 3223 2115 3294 pariete
2156 3224 2332 3280 vicino
2386 3227 2507 3296 pin·

393 3319 513 3354 rum
561 3299 630 3354 de
677 3302 880 3374 origine
919 3302 1200 3372 peritiores
1235 3301 1407 3354 adhuc
1492 3314 1639 3373 gunt.
1660 3303 1765 3354 En.

396 3380 493 3434 viri
514 3400 622 3434 non
651 3382 1000 3434 consentiunt.
1027 3382 1129 3433 Ει).
1574 3381 1625 3433 3.
1654 3381 1871 3433 Vocatur
1890 3402 1952 3435 ea.-
1966 3395 2259 3451 argumento.
2278 3381 2395 3432 Hoc
2414 3393 2511 3445 est,

469 3461 588 3514 LII.
617 3479 639 3513 1
653 3499 666 3512 .
687 3461 962 3531 Proximum
979 3461 1229 3512 ceraunia.
1253 3461 1404 3524 Quo·
1492 3479 1554 3512 ex
1580 3477 1640 3512 re
1666 3461 1795 3532 ipsa.
1817 3461 1940 3513 Haeo
1970 3459 2187 3515 totidem
2216 3461 2391 3513 verbis
2412 3459 2507 3512 So-

393 3539 530 3592 ninm
554 3553 615 3592 ut
639 3559 668 3592 a
695 3539 919 3592 fulmine
940 3540 1177 3592 ceraunia
1193 3577 1210 3602 ‚
1240 3540 1312 3591 sic
1339 3539 1406 3591 ab
1492 3538 1651 3602 linus,
1671 3558 1786 3610 cap.
1813 3559 2021 3604 xxxin,
2046 3559 2101 3610 p.
2125 3540 2197 3592 63
2226 3551 2277 3590 et
2300 3542 2399 3600 643
2420 3539 2511 3591 Isi-

395 3634 516 3670 arcu
534 3618 720 3671 calesti
745 3617 834 3670 iris
852 3619 1245 3670 nomen·habet:
1271 3631 1406 3671 utra·
1494 3615 1683 3683 dorus,
1724 3619 1820 3672 lib.
1840 3621 1973 3672 XVI
1990 3659 2007 3682 ‚
2047 3638 2093 3672 c.
2128 3617 2214 3670 13.
2260 3615 2508 3670 Mau-bod.

395 3713 502 3764 que
534 3715 594 3748 ex
623 3695 962 3750 similitudine
992 3697 1068 3749 rei
1100 3697 1318 3767 alicujus
1347 3697 1402 3750 in
1492 3715 1606 3769 cap.
1626 3715 1801 3751 xum
1831 3719 1841 3750 :
1884 3723 1907 3746 α
1935 3699 2091 3750 Clara
2120 3697 2239 3748 luce
2270 3696 2511 3760 micans,

395 3792 515 3826 aere
541 3777 740 3844 genita.
771 3777 946 3830 nmo.
1492 3777 1593 3830 fert
1609 3795 1815 3830 eausam
1838 3777 2065 3829 nominis
2086 3775 2260 3844 hujus,
2280 3785 2415 3827 etc.-
2438 3777 2488 3826 H
2494 3814 2505 3824 .

479 3871 530 3905 a.
563 3855 685 3922 Quoe
712 3857 982 3926 appellatae·
1001 3858 1101 3906 iris.
1121 3855 1402 3908 Nonnullis
1568 3857 1714 3910 LIII.
1742 3845 1799 3908 ἰ.
1844 3857 1969 3924 Qum
2012 3865 2215 3905 vocam!-
2254 3871 2399 3905 uros.
2445 3855 2510 3905 In

395 3929 866 3992 idemessevidetur
880 3934 1407 4005 aclapis,quemnunc
1497 3933 1651 3988 MSS.
1688 3935 1793 3988 hoo
1817 3935 1967 3991 loco,
2012 3951 2155 3984 erro-s.
2193 3935 2255 3985 In
2291 3931 2535 3995 Indice,·

395 4025 608 4074 vocant,
648 4033 792 4082 quat-z
822 4017 984 4084 Ity-alin
1019 4017 1132 4065 ivise
1153 4009 1405 4074 (ime'rc'eu-
1496 4015 1637 4082 lepor.
1670 4013 1847 4066 Ham).
