2975 4684
976 300 1052 367 C.
1103 300 1442 372 PLINH
1491 301 1706 370 NAT.
1758 301 2014 371 HIST.

436 447 810 522 mentorum
862 432 998 525 jam
1050 431 1309 525 pridem
1362 432 1715 515 translatus
1757 447 1889 519 est,
1938 430 2175 506 tabulis
2213 420 2452 523 aereis³,
2486 437 2556 505 in

438 540 675 641 quibus
725 536 1001 633 publicae
1046 539 1544 607 constitutiones
1586 539 1982 608 inciduntur.

544 648 771 717 XXII.
822 637 945 731 (x.)
982 643 1252 711 Metalla
1286 648 1431 713 aeris
1458 644 1698 715 multis
1745 644 1957 714 modis
1989 647 2324 715 instruunt
2364 646 2562 717 medi·

440 756 692 837 cinam,
715 764 946 844 utpote
978 774 1180 843 quum
1204 750 1474 822 hulcera
1503 755 1723 819 omnia
1747 751 1837 819 ibi
1865 752 2184 844 ocyssime
2219 766 2552 821 sanentur.

440 860 732 928 Maxime
762 872 979 925 tamen
1007 856 1279 948 prodest
1313 855 1612 936 cadmia¹.
1647 856 1772 925 Fit²
1809 859 1947 926 sine
1981 856 2186 925 dubio
2221 857 2362 927 haec
2391 872 2456 928 et
2489 860 2562 927 in

440 964 697 1058 argenti
734 962 1146 1047 fornacibuS,
1201 962 1541 1031 candidior
1594 987 1672 1031 ac
1713 964 1930 1033 minus
1983 962 2390 1059 ponderosa,
2447 963 2564 1033 sed

442 1092 855 1164 nequaquam
880 1066 1321 1196 comparan3da
1347 1068 1606 1140 aerariae.
1641 1066 1836 1135 Plura
1869 1083 2088 1139 autem
2121 1093 2363 1162 genera
2390 1084 2561 1159 sunt.

438 1180 738 1294 Namque
774 1188 849 1242 ut
874 1175 1013 1266 ipse
1048 1159 1270 1268 lapis³,
1302 1198 1383 1245 ex
1419 1198 1553 1267 quo
1585 1174 1660 1241 fit
1688 1199 1808 1259 aes,
1843 1173 2097 1245 cadmia
2133 1190 2433 1259 vocatur,
2471 1154 2566 1243 fu-

439 299 579 373 206

438 1284 606 1350 suris
645 1282 1085 1361 necessarius,
1113 1277 1451 1348 medicinae
1476 1268 1801 1349 inutilis⁴:

524 1483 575 1536 3.
630 1480 828 1533 Tabulis
881 1482 1033 1531 oereis.
1089 1478 1295 1530 Priscos
1342 1476 1463 1531 illos

440 1560 653 1613 Graecos
680 1578 740 1611 ac
766 1558 1015 1623 Latinos,
1038 1558 1206 1628 leges,
1231 1556 1423 1610 foedera
1442 1597 1457 1620 ,

442 1640 651 1711 aliaque
665 1640 721 1692 in
739 1638 1087 1697 oereistabulis
1107 1636 1460 1708 insculpsisse,

443 1720 749 1776 tralatitium
798 1729 888 1769 est.
928 1716 1143 1782 Livius,
1182 1717 1297 1779 111,
1347 1718 1456 1785 57:

451 1825 474 1847 ι
506 1800 671 1867 Leges
700 1796 1075 1849 decemvirales
1093 1834 1107 1859 ,
1138 1796 1329 1865 quibus
1352 1796 1462 1847 ΧΠ

444 1876 663 1929 Tabulis
684 1893 882 1927 nomen
912 1887 986 1925 est
1013 1872 1275 1935 inditum,
1312 1874 1365 1925 in
1396 1893 1463 1925 aes

447 1956 657 2017 incisas,
684 1956 740 2007 in
766 1951 985 2023 publico
1010 1965 1455 2024 proposuerunt.-

446 2034 661 2087 Servius
673 2034 731 2087 in
745 2030 877 2085 illud
893 2032 1127 2085 Maronis
1142 2029 1459 2085 AEneid.v1:

455 2141 477 2163 .-
506 2114 648 2166 Fixit
677 2114 817 2184 leges
844 2113 1017 2183 pretio
1060 2124 1220 2182 atque
1255 2110 1463 2163 refixit:

448 2194 591 2247 Fixit
618 2208 789 2246 autem
822 2190 943 2243 ideo
959 2231 976 2255 ,
1002 2192 1175 2263 inquit
1192 2229 1208 2255 ,
1228 2190 1353 2261 quia
1384 2191 1465 2241 in-

446 2274 566 2328 cisoe
592 2275 647 2326 in
690 2272 837 2327 aereis
868 2272 1060 2324 tabulis
1100 2271 1241 2341 leges
1284 2268 1467 2339 affige-

447 2356 643 2408 bantur
664 2352 955 2423 parietibus
986 2374 996 2402 :
1034 2376 1057 2397 -
1080 2350 1189 2404 Cic.
1210 2348 1347 2400 Phil.
1366 2348 1467 2413 111,

453 2436 525 2487 36
562 2455 573 2484 :
620 2458 641 2479 ι
669 2432 932 2483 Antonius
959 2431 1110 2483 falsas
1144 2431 1283 2499 leges
1314 2429 1369 2480 in
1400 2447 1469 2480 ωε

449 2508 760 2565 incidendas
783 2510 913 2561 etin
935 2509 1201 2579 Capitolio
1231 2506 1471 2577 figendas

450 2590 671 2644 curavit.
702 2612 723 2633 n
764 2588 904 2641 Hinc
944 2601 996 2641 et
1031 2589 1173 2657 leges
1207 2588 1332 2657 ipsae
1368 2607 1469 2638 εει-α

451 2668 744 2740 appellatae.
774 2666 925 2720 Idem
962 2668 1169 2720 Tullius
1198 2666 1367 2735 Epist.
1402 2665 1467 2718 ad

452 2749 599 2801 Fam.
626 2748 764 2811 XII,
786 2765 808 2799 r
840 2767 851 2796 :
880 2772 903 2793 ι
930 2748 1096 2817 Cujus
1122 2764 1223 2797 aera
1246 2745 1469 2814 refigere

453 2827 777 2882 debebamus
798 2864 813 2887 ,
858 2825 973 2895 ejus
1018 2826 1173 2877 etiam
1206 2825 1471 2891 chirogra-

452 2908 561 2978 pha
586 2903 941 2960 defendimus.
976 2930 997 2949 ι
1031 2904 1099 2955 Et
1124 2903 1207 2955 111
1229 2902 1285 2953 in
1314 2902 1469 2954 Catil.

462 3006 531 3053 19
560 3003 573 3037 ε
605 3013 627 3033 ι
661 2986 842 3051 Quum
872 2998 924 3035 et
957 2983 1130 3052 legum
1170 2999 1271 3032 aera
1298 2982 1468 3051 lique-

454 3065 586 3117 facta
604 3078 740 3116 sunt.
771 3089 792 3109 ι
821 3063 1027 3113 Tamen
1047 3060 1333 3113 vetustiore
1356 3078 1472 3112 oevo

455 3144 631 3195 incisae
669 3144 725 3193 in
770 3142 916 3211 ligno
958 3144 1114 3212 leges.
1151 3140 1319 3193 Testis
1348 3140 1474 3193 Gel-

455 3222 575 3284 lius,
611 3222 694 3286 11,
733 3239 799 3273 υ
827 3242 838 3270 :
889 3247 911 3269 ι
939 3224 1002 3273 In
1036 3220 1239 3291 legibus
1266 3219 1478 3275 Solonis

456 3302 559 3355 illis
610 3300 1009 3369 antiquissimis,
1068 3318 1185 3372 quse
1254 3300 1475 3352 Athenis

458 3382 639 3435 axibus
679 3380 865 3449 ligneis
902 3380 1082 3432 incisae
1122 3392 1275 3444 sunt,
1314 3392 1415 3432 etc.
1445 3406 1466 3426 ιι

456 3460 617 3515 Unde
640 3460 735 3512 has
766 3461 945 3529 legum
984 3460 1187 3511 tabulas
1212 3460 1277 3510 ab
1308 3460 1475 3513 Athe-

456 3541 727 3595 niensibus
750 3538 967 3591 Axonas
990 3556 1096 3589 esse
1118 3551 1476 3609 nuncupatas,

457 3620 773 3675 Plutarchus
799 3618 855 3669 in
880 3616 1073 3669 Solone
1101 3616 1273 3668 tradit.
1298 3618 1366 3669 Η.

534 3702 715 3753 XXII.
748 3719 793 3751 1.
819 3698 864 3751 C
862 3697 1043 3749 admt'a.
1072 3694 1312 3747 Factitia.
1334 3696 1473 3747 Du..

459 3814 537 3823 —
558 3782 639 3833 De
664 3780 872 3851 Cyprio
901 3796 1032 3841 aere,
1064 3773 1270 3829 cadmia
1296 3776 1474 3827 nativa

458 3860 541 3911 vel
568 3861 794 3920 factitia,
832 3858 898 3912 cf.
928 3858 1054 3911 Exc.
1078 3857 1136 3911 11
1176 3853 1243 3907 ad
1276 3855 1474 3907 calcem

456 3936 613 4005 hujus
638 3938 779 3994 libri.
812 3939 913 3991 En.

1843 1282 1935 1349 sic
1971 1266 2222 1351 rursus⁵
2253 1282 2320 1349 in
2356 1281 2565 1351 forna·

1633 1499 1684 1533 2.
1719 1480 1772 1533 F
1768 1483 1822 1533 it.
1842 1478 2087 1532 Totidem
2114 1480 2286 1533 verbis
2306 1480 2417 1535 haec
2437 1479 2561 1534 Isid.

1547 1557 1650 1611 loc.
1679 1558 1765 1611 cit.
1796 1570 1849 1611 et
1882 1559 2057 1611 Diose.
2081 1560 2155 1624 V,
2183 1562 2253 1622 84
2287 1580 2298 1609 :
2327 1564 2565 1613 Γεννᾶται

1548 1633 1608 1691 ὃὸ
1631 1634 1856 1709 andusia
1881 1638 1963 1690 καὶ
1997 1640 2054 1691 ἐκ,
2083 1646 2179 1690 τῶν
2209 1640 2438 1709 ἀργυρίων
2460 1646 2568 1691 λω-

1549 1720 1728 1787 κοτὲροι
1763 1717 1846 1770 καὶ
1873 1720 2138 1787 nouae-ripa
2165 1713 2311 1771 οὖσα·
2343 1717 2475 1771 κατὰ
2505 1712 2566 1769 δὲ

1548 1798 1638 1853 τὴν
1659 1792 1868 1866 δύναμιν
1889 1791 2056 1852 ἦττον.
2079 1796 2243 1849 Gallis
2263 1817 2275 1847 :
2303 1798 2568 1849 calamiae:

1550 1874 1834 1944 Reperitur
1854 1875 1908 1925 in
1932 1874 2122 1940 Gallia,
2142 1876 2267 1928 etin
2290 1875 2569 1929 Leodiensi

1549 1970 1692 2023 agro.
1723 1954 1904 2005 Hnm.

1635 2033 1686 2086 3.
1719 2032 1938 2103 Namque
1962 2043 2014 2083 m
2043 2035 2140 2101 ipse
2165 2032 2306 2102 lapis.
2341 2032 2464 2086 Non
2491 2044 2571 2085 est

1553 2111 1596 2163 is
1623 2112 1838 2181 proprie
1873 2109 2102 2177 cadmia,
2129 2110 2222 2163 sed
2261 2109 2464 2164 cadmia
2491 2124 2570 2164 ta-

1553 2208 1674 2243 men
1722 2208 1749 2241 a
1786 2190 2062 2243 nonnullis
2091 2202 2329 2243 vocatur.
2367 2189 2570 2243 Plinius

1553 2270 1655 2321 hoc
1675 2270 1769 2323 lib.
1790 2288 1835 2323 c.
1867 2287 1895 2320 2
1923 2288 1936 2321 :
1979 2295 2002 2317 ι
2025 2270 2111 2321 Fit
2137 2288 2234 2335 ωε,
2261 2279 2313 2321 et
2339 2287 2369 2319 e
2396 2267 2570 2339 lapide

1555 2368 1718 2402 aeroso
1735 2388 1749 2414 ,
1783 2367 1940 2420 quem
1963 2346 2221 2401 cadmiam
2248 2361 2455 2401 vocant.
2482 2373 2505 2394 ι

1638 2434 1689 2491 4.
1717 2429 1977 2481 Medicinae
2003 2428 2202 2479 inutilis.
2227 2428 2450 2482 Fallitur
2471 2427 2576 2479 Pli-

1555 2507 1676 2559 nius
1701 2528 1712 2561 :
1739 2508 1922 2560 multis
1950 2508 2093 2560 enim
2117 2506 2160 2559 is
2186 2506 2434 2559 remediis
2453 2508 2572 2577 pol-

1555 2587 1648 2640 let.
1681 2588 1818 2639 ΒΜ..
1840 2587 2149 2639 —Inutilis.
2194 2587 2298 2638 Per
2329 2604 2385 2637 se
2421 2586 2575 2639 nimi·

1558 2686 1710 2729 rum,
1751 2684 1926 2737 neque
1977 2666 2185 2719 ustione
2227 2678 2572 2736 praeparatus.

1559 2746 1775 2815 Alioqui
1802 2746 1944 2798 enim
1965 2744 2185 2808 medici,
2209 2758 2271 2797 ut
2293 2742 2572 2815 Nympho-

1559 2824 1756 2891 dorus,
1787 2838 1840 2878 et
1871 2826 2055 2889 Iollas,
2091 2839 2250 2895 atque
2288 2842 2351 2877 ex
2390 2842 2572 2876 eorum

1559 2904 1766 2973 placitis
1793 2904 1998 2956 Plinius
2023 2905 2134 2975 ipse
2165 2905 2260 2956 sub
2289 2904 2450 2955 finem
2477 2904 2576 2954 hu-

1557 2986 1641 3052 jus
1705 2983 1891 3052 capitis
1955 2996 2200 3035 exustum
2257 2983 2572 3036 cribratum-

1559 3064 1750 3132 quein
1785 3062 1957 3114 varios
1997 3062 2274 3114 medicinas
2321 3081 2448 3114 usus
2493 3080 2573 3113 re·

1561 3140 1816 3195 condunt.
1840 3142 2020 3194 Hnm.

1645 3221 1694 3272 5.
1713 3218 1796 3271 Sic
1821 3238 1981 3271 rursus
2005 3223 2054 3270 ἱη
2067 3219 2351 3287 fornacibus
2375 3220 2573 3271 mistic-

1563 3301 1650 3352 sic
1677 3318 1886 3350 rursum
1921 3300 2018 3351 alia
2057 3298 2112 3350 in
2155 3300 2484 3359 fornacibus,
2525 3300 2576 3349 in

1563 3398 1681 3449 quas
1709 3380 1834 3447 Iapis
1863 3378 1945 3429 ille
1969 3380 2235 3447 conjicitur,
2271 3379 2340 3429 ad
2353 3380 2578 3445 fusuram

1564 3461 1672 3509 oen's
1689 3496 1702 3523 ,
1753 3456 1956 3511 cadmia
2013 3458 2264 3527 gignitur,
2321 3459 2578 3527 aliamque

1565 3539 1725 3590 habet
1750 3536 2010 3607 originem
2025 3536 2226 3589 'eodem
2247 3548 2451 3590 servato
2477 3553 2577 3586 no-

1565 3618 1726 3670 mine.
1755 3620 1832 3669 Ita
1857 3620 1920 3669 fl.
1958 3638 1986 3669 α
2007 3656 2022 3680 ,
2047 3618 2328 3687 caeterique
2351 3614 2498 3666 MSS.
2518 3626 2578 3665 ut

1567 3710 1908 3751 connectatur
1929 3698 2042 3749 haec
2068 3697 2324 3749 sententia
2355 3711 2472 3745 cum
2495 3710 2580 3743 su-

1563 3780 1790 3847 periore.
1819 3779 1886 3829 In
1915 3776 2067 3828 libris
2102 3777 2354 3829 hactenus
2380 3769 2533 3825 editis
2560 3789 2574 3823 :

1567 3857 1786 3929 Namque
1815 3860 1914 3927 ipse
1943 3857 2066 3927 lapis
2080 3895 2094 3907 .
2116 3894 2126 3906 .
2147 3895 2161 3907 .
2176 3856 2275 3906 Hic
2307 3872 2464 3905 rursus
2493 3870 2582 3902 ex-

1567 3939 1693 3986 sistit
1716 3956 1735 3987 .·
1767 3936 1963 3987 insulse
2012 3952 2227 4003 prorsus
2259 3952 2271 3985 :
2304 3951 2425 3985 nam
2473 3948 2580 4001 quo
