2975 4684
1088 351 1389 420 LIBER
1435 349 1838 418 XXXVII.

420 509 459 552 a
492 482 628 552 sole
662 481 1080 571 excalfactas,
1122 496 1240 552 aut
1272 482 1632 578 digitorum
1657 480 1924 562 attritu,
1944 477 2203 572 paleas,
2238 492 2316 552 et·
2342 480 2533 549 char.-

420 603 635 658 tarum
676 589 831 659 folia
864 588 946 659 ad
984 613 1055 657 se
1082 587 1377 683 rapere7.

458 730 473 747 ι
521 699 739 764 XXX.
808 699 953 764 Hoc
1030 695 1203 764 idem
1278 709 1347 762 et
1403 688 1930 762 Carchedonius¹
1999 689 2218 759 facere
2273 689 2534 778 dicitur,

416 824 795 895 quanquam
838 798 1046 870 multo
1096 799 1291 871 vilior
1345 797 1694 894 praedictis.
1738 795 2048 864 Nascitur
2089 794 2270 890 apud
2313 797 2533 866 Nasa-

412 929 645 975 monas
680 908 750 974 in
786 908 1159 993 montibus,
1193 921 1268 974 ut
1307 900 1540 974 incolae
1574 915 1842 998 putant,
1885 900 2096 969 imbre
2129 901 2374 970 divine.
2421 905 2533 972 In·

409 1013 675 1081 venitur
726 1011 811 1080 ad
857 1035 1315 1105 repercussum
1366 1009 1574 1093 lunae,
1633 1008 1916 1077 maxime
1961 1004 2190 1100 plenoe.
2241 1007 2531 1076 Cartha-

409 1118 629 1212 ginem
665 1117 999 1211 quondam
1045 1116 1545 1214 deportabatur.
1607 1109 1968 1183 Archelaus
2021 1126 2090 1181 et
2131 1113 2200 1180 in
2246 1114 2532 1208 AEgypto

410 1224 589 1292 circa
620 1222 882 1291 Thebas
924 1224 1107 1292 nasci
1143 1221 1342 1302 tradit
1356 1271 1376 1303 ‚
1419 1220 1682 1315 fragiles
1697 1271 1718 1306 ‚
1761 1211 2069 1298 venenas,
2103 1217 2532 1290 morientibus

410 1327 824 1396 carbonibus·
850 1325 1113 1396 similes.
1160 1326 1425 1396 Potoria
1463 1350 1622 1396 vasa
1661 1338 1728 1394 et
1765 1348 1846 1392 ex
1879 1324 2011 1392 hoc
2055 1321 2271 1417 lapide
2293 1375 2316 1409 ‚
2349 1337 2416 1391 et
2449 1319 2532 1393 ex

409 1429 701 1524 lychnite
736 1432 1025 1501 factitata
1062 1434 1347 1501 invenio.
1388 1433 1634 1500 Omnia
1677 1443 1898 1499 autem
1933 1429 2076 1497 haec
2110 1451 2352 1524 genera
2377 1427 2532 1536 scal·

407 1549 619 1630 pturoe
656 1539 1135 1606 contumaciter
1178 1539 1489 1608 resistunt
1504 1591 1523 1623 ‚
1573 1550 1958 1630 partemque
2013 1558 2180 1603 ceroe
2225 1536 2295 1602 in
2341 1535 2531 1628 signo

308 1719 317 1725 ‚
412 1654 662 1710 tenent.

511 1749 769 1815 XXXI.
796 1749 853 1815 E
878 1747 1145 1818 diverso
1172 1747 1259 1817 ad
1291 1748 1425 1816 hoe
1448 1747 1640 1824 sarda
1675 1744 2019 1816 utilissima
2035 1743 2080 1832 ¹,
2113 1769 2259 1839 quae
2285 1769 2528 1814 nomen

406 1875 557 1920 eum
595 1851 1007 1946 sardonyche
1042 1855 1576 1924 communicavit.
1615 1857 1770 1947 lpsa
1804 1875 2066 1946 gemma
2099 1849 2420 1945 vulgaris,
2464 1865 2532 1918 et

402 1957 697 2051 primum
742 1957 1095 2027 Sardibus²
1142 1975 1438 2054 reperta,
1480 1959 1596 2027 sed
1631 1957 2074 2027 laudatissima
2107 1958 2285 2025 circa
2319 1957 2528 2048 Baby-

402 2059 644 2132 loniam
661 2114 680 2147 ‚
697 2087 903 2157 quum
937 2051 1342 2159 lapicidinae³
1378 2063 1682 2158 quaedam
1712 2064 2148 2158 aperirentur,
2175 2061 2434 2131 haerens
2459 2063 2529 2129 in

1507 2291 1671 2356 (ozale
1701 2295 1762 2348 de
1795 2285 2051 2363 silicium),
2089 2294 2157 2347 de
2191 2312 2299 2365 qua
2337 2313 2529 2365 supra,

1506 2392 1623 2445 cap.
1657 2373 1748 2426 25.
1774 2377 1878 2427 En.

1592 2470 1646 2505 a.
1683 2453 1860 2505 Omnia
1891 2463 2047 2505 autem
2086 2451 2206 2503 lioee.
2251 2450 2492 2508 Isidorus
2510 2491 2528 2518 ,

1510 2526 1657 2598 Orig.
1685 2529 1779 2581 lib.
1810 2532 1976 2594 XVI,
2002 2549 2116 2601 cap.
2145 2531 2236 2585 13.
2263 2530 2440 2584 Hui).

1587 2606 1792 2659 XXXI.
1803 2626 1826 2659 ι
1839 2648 1850 2661 .
1864 2611 1916 2661 Ε
1927 2609 2316 2664 Αἰνεηο...3αι·ᾰα
2331 2611 2528 2663 utilissi-

482 2312 537 2362 7.
564 2294 761 2358 Paleas,
783 2306 832 2344 et
855 2295 1124 2346 chartarum
1137 2297 1269 2363 solia
1286 2299 1356 2349 ad
1371 2318 1422 2350 ee

403 2391 582 2444 rupere.
627 2372 709 2424 De
740 2371 1101 2426 Chalcedonio
1140 2373 1199 2425 id
1238 2377 1421 2428 Alber-

405 2463 513 2514 tus,
534 2450 786 2515 Isidorus,
808 2451 1223 2504 Bartholomaeus
1240 2452 1422 2522 Angli-

400 2549 521 2595 cus,
571 2525 961 2584 Pandectarius.
1002 2531 1210 2584 Diae.
1240 2561 1319 2572 —
1349 2533 1422 2584 Et

400 2609 669 2661 chartarum
686 2610 837 2676 solia.
869 2609 962 2663 Sic
990 2609 1145 2664 MSS.
1184 2611 1315 2680 Reg.
1349 2629 1379 2662 a
1399 2645 1417 2672 ‚

2384 307 2552 420 631Φ

404 2688 559 2740 colb,
592 2687 647 2752 3,
684 2689 811 2742 Fux.
848 2700 901 2741 et
928 2689 1037 2742 alii.
1053 2689 1257 2741 Tamen
1286 2687 1419 2741 editi

402 2765 657 2818 hactenus
680 2765 831 2831 libri,
864 2780 917 2820 et
938 2765 1207 2832 Isidorus,
1232 2786 1294 2820 ac
1320 2769 1418 2821 So-

400 2843 559 2903 linus,
578 2842 693 2912 fila.
710 2845 892 2898 Hsnn.

479 2921 656 2976 XXX.
686 2942 733 2975 ι.
765 2923 876 2974 Hoc
899 2923 1028 2996 fidem
1059 2934 1109 2974 et
1147 2923 1417 2976 Carchedo-

402 3005 507 3053 m'us
518 3001 688 3070 facere
708 3002 908 3067 dieitur,
942 3022 1213 3078 quanquam
1240 3003 1389 3055 multo
1402 3042 1419 3069 ,

400 3093 499 3132 etc.
522 3080 774 3152 Superius
799 3083 904 3153 jam
934 3081 1106 3135 obiter
1130 3081 1415 3148 indicatus,

400 3179 514 3231 cap.
542 3159 639 3212 25:
668 3185 691 3207 ιι
714 3160 1069 3215 Garamantici
1090 3162 1417 3228 carbunculi,

400 3257 532 3309 quos
556 3251 608 3292 et
634 3237 1024 3293 Carchedonios
1047 3253 1264 3306 vocant,
1288 3260 1418 3313 pro-

402 3329 521 3387 pter
567 3319 889 3388 opulentiam
936 3319 1264 3390 Carthaginis
1302 3338 1416 3373 ma-

398 3415 514 3468 gnae
532 3431 549 3457 ‚
579 3423 601 3445 ι
630 3416 737 3468 quo
759 3398 961 3451 scilicet
982 3395 1415 3468 deportabantur,

403 3488 459 3528 ut
483 3495 606 3529 mox
628 3476 739 3547 ipse
764 3477 964 3531 Plinius
986 3477 1219 3549 subjicit.
1244 3477 1415 3530 Isido-

399 3573 488 3606 rus
503 3555 615 3608 bec
635 3554 819 3608 iisdem
834 3556 1189 3627 verbis,‘0rig.
1209 3556 1242 3609 Ι.
1258 3556 1413 3617 XVI,

398 3649 514 3702 cap.
542 3655 563 3688 1
578 3635 607 3686 3
633 3652 684 3688 ε·
708 3634 1129 3697 Carchedonius,
1154 3635 1255 3687 hoc
1270 3634 1415 3706 quod

400 3724 454 3764 et
486 3711 745 3784 lychnites
785 3715 954 3768 facere
992 3712 1210 3776 dieitur,
1252 3733 1418 3786 quan-

400 3808 557 3860 quam
583 3795 805 3847 multum
826 3794 983 3847 vilior
1006 3792 1289 3866 praedictis.
1314 3795 1414 3846 Na-

401 3868 565 3922 scitur
590 3870 733 3942 apud
764 3873 1111 3937 Nasamonas,
1151 3885 1250 3926 etc.
1283 3898 1305 3919 ·
1346 3872 1413 3926 H.

402 3977 479 3988 —·
519 3948 883 4016 Carchedonius.
932 3953 1099 4006 Nobis
1150 3953 1416 4006 ealce'doine

1507 2703 1601 2737 ma.
1628 2683 1711 2737 Ad
1728 2685 1935 2756 signum
1957 2689 2173 2752 scilicet,
2187 2688 2332 2760 quod
2350 2707 2526 2743 ceram

1506 2762 1562 2815 in
1590 2762 1847 2835 signando
1873 2765 2024 2818 sarda
2045 2784 2154 2817 non
2185 2769 2423 2822 retineat.
2445 2769 2526 2821 Ita

1504 2841 1659 2895 MSS.
1699 2841 1868 2906 miti,
1906 2844 1977 2895 ad
1997 2845 2128 2906 hac,
2165 2843 2273 2897 hoe
2308 2858 2422 2910 est,
2458 2845 2522 2897 ad

1506 2934 1819 2994 utrumque,
1861 2919 1929 2974 ad
1967 2922 2319 2992 scalpturam,
2363 2935 2418 2974 et
2456 2921 2523 2975 ad

1503 3000 1712 3073 signum
1737 3001 2020 3072 :quonism
2041 3017 2142 3053 nec
2165 3000 2232 3052 ait
2259 3001 2527 3072 ἄγλυπτος,

1505 3099 1604 3134 nec
1631 3100 1802 3134 ceram
1834 3081 1890 3133 in
1917 3081 2069 3152 signo
2095 3079 2312 3134 auferat.
2346 3079 2412 3133 H.
2443 3111 2523 3120 —

1504 3158 1683 3213 Sarda.
1724 3159 1940 3214 Sat-dam
1995 3155 2017 3222 (
2027 3159 2296 3214 calcedoine
2345 3157 2524 3231 rouge)

1505 3249 1760 3292 nostrates
1801 3239 2095 3310 appellant,
2141 3241 2412 3304 cornale‘ne,
2455 3236 2528 3292 de

1504 3336 1612 3388 qua
1637 3317 1790 3371 etiam
1817 3335 1972 3388 supra
1999 3337 2114 3389 cap.
2145 3319 2235 3372 25.
2257 3317 2362 3371 En.

1589 3417 1638 3450 a.
1666 3395 1916 3451 Sardibus.
1950 3399 2014 3450 In
2041 3397 2224 3470 Lydia.
2265 3397 2422 3448 Nunc
2465 3395 2522 3448 in

1503 3472 1744 3540 Sardinia
1769 3478 1953 3547 probo
1984 3489 2126 3530 notae
2151 3475 2368 3547 reperiri
2392 3473 2524 3526 Kir-

1504 3555 1692 3609 cherus
1712 3569 1889 3609 noster
1905 3556 2155 3628 affirmat,
2182 3551 2374 3606 Mundi
2399 3553 2528 3606 sub-

1505 3645 1630 3688 terr.
1655 3635 1933 3700 lih.vl11,
1961 3652 2079 3704 pag.
2105 3634 2196 3685 81.
2229 3633 2411 3684 Ham).

1587 3711 1640 3765 3.
1675 3714 1834 3782 Quum
1857 3713 2145 3783 lapicidina.
2166 3711 2520 3780 Tbeophrast.

1503 3793 1595 3846 lib.
1633 3792 1742 3864 περὶ
1770 3793 1907 3846 λίθων
1933 3829 1948 3855 ,
1976 3809 2092 3863 pag.
2126 3809 2158 3860 7
2190 3811 2201 3840 τ
2233 3791 2522 3858 Εὖρίσκιται

1503 3866 1561 3923 δὲ
1603 3873 1686 3925 καὶ
1732 3866 1932 3940 σάρδιον
1976 3867 2377 3938 διακοπτομ,ίνων
2424 3875 2522 3920 τῶν

1501 3958 1710 4022 πιτρῶν.
1733 3953 1910 4004 Esau.

2106 4047 2230 4128 40¹·
