2975 4684
989 411 1294 479 LIBER
1343 412 1738 483 XXXVII

312 539 468 611 folia
507 540 726 625 arida,
764 566 910 636 quae
958 541 1125 612 levia
1178 559 1386 613 sunt:

2288 411 2427 511 595

1437 569 1517 614 ac
1564 559 1643 613 ut
1684 567 1953 640 magnes
1998 543 2164 641 lapis
2191 599 2209 631 ‚
2268 548 2429 618 ferri

313 662 610 716 ramenta
644 637 964 742 quoquest
1009 650 1286 719 Succina
1321 649 1468 720 oleo
1510 650 1732 720 addita
1772 651 2051 746 flagrant
2082 652 2427 725 dilucidius

313 752 724 847 diutiusque,
757 775 954 849 quam
983 752 1096 823 lini
1125 743 1468 825 medulla⁵.
1495 758 1810 825 Taxatio'
1796 779 1863 825 in
1896 744 2177 828 deliciis⁶
2214 774 2427 847 tanta,

313 872 390 927 ut
423 859 709 929 hominis
737 862 1032 954 quamvis
1067 884 1272 955 parva
1311 861 1596 956 effigie5‚
1624 864 1926 931 vivorum
1957 863 2301 933 hominum
2332 866 2427 933 vi-

313 967 742 1059 gentiumque
778 968 985 1060 pretia
1017 982 1320 1062 superet:
1359 988 1629 1061 prorsus
1658 983 1734 1037 ut
1758 965 2095 1063 castigatio
2126 994 2261 1039 una
2293 996 2429 1041 non

317 1072 402 1139 sit
422 1073 576 1141 satis
589 1072 634 1140 ⁷.
648 1074 730 1141 In
753 1073 1116 1143 Corinthiis
1141 1098 1228 1143 aes
1245 1071 1461 1168 placet
1482 1098 1646 1142 auro
1669 1087 2073 1168 argentoque
2095 1077 2368 1145 mixtum
2384 1064 2433 1163 ⁸,

319 1272 446 1326 folia
476 1270 647 1336 arida,
682 1284 738 1325 et
774 1290 890 1342 quae
925 1270 1059 1324 levia
1093 1283 1246 1335 suut3
1271 1290 1332 1325 ac

319 1365 380 1404 ut
397 1368 608 1421 magnes
627 1350 785 1420 lupia,
811 1350 938 1401 ferri
954 1362 1188 1403 ramenta
1207 1368 1339 1419 quo-

321 1448 442 1500 que.
483 1428 703 1481 Succiua
742 1428 861 1480 oleo
901 1426 1083 1479 addito
1119 1428 1341 1498 flagrant

321 1506 607 1561 dilucidius
651 1506 985 1576 diutiusque,
1038 1522 1196 1576 quam
1239 1506 1338 1558 lini

324 1586 573 1639 medulla.
602 1612 623 1632 ι
647 1586 816 1637 Sum.
839 1614 919 1625 --
939 1586 1155 1655 Accepta
1170 1586 1342 1635 caloris

323 1668 504 1717 anima.
533 1664 651 1716 Hoc
673 1675 752 1716 est
769 1704 784 1727 ‚
804 1668 860 1715 vi
883 1664 1074 1714 caloris.
1101 1664 1163 1714 In
1189 1664 1340 1716 MSS.

325 1746 454 1815 Reg.
487 1764 514 1799 ²
532 1781 548 1807 2
576 1756 628 1795 et
652 1741 809 1795 Colb.
837 1740 866 1793 3
883 1782 897 1807 ,
921 1753 1114 1812 accepta
1135 1744 1192 1793 ‘m'
1215 1744 1346 1793 calo-

326 1827 396 1875 ris
433 1823 708 1886 attrabunt,
749 1834 850 1875 etc.
881 1823 1085 1875 Tamen
1121 1822 1344 1891 vulgatae

325 1902 544 1955 lectioni
570 1903 710 1955 favet
739 1899 1005 1965 Isidorus,
1037 1902 1128 1971 qui
1154 1902 1344 1955 exscri-

325 1982 490 2051 psisse
516 1978 582 2033 ad
601 1980 819 2032 verbum
841 1970 1046 2049 integra
1075 1978 1181 2030 fide
1202 1980 1346 2032 huuc

323 2060 504 2113 locum
518 2058 747 2123 videtur,
761 2058 910 2128 Orig.
926 2058 1022 2109 lib.
1043 2058 1195 2121 XVI,
1209 2078 1255 2114 c.
1275 2064 1306 2113 8
1328 2079 1342 2109 ε

331 2165 355 2189 ι
377 2139 573 2192 Vocari
618 2150 794 2190 autem
812 2178 828 2201 ,
887 2137 1092 2207 inquit,
1149 2155 1178 2187 a
1230 2139 1348 2210 qui·

325 2218 552 2271 busdam
587 2218 850 2288 harpaga,
889 2234 952 2268 eo
979 2214 1125 2287 quod
1168 2219 1348 2271 attritu

329 2295 622 2367 digitorum
663 2290 892 2365 accepta'
910 2294 1095 2346 caloris
1137 2296 1313 2348 anima
1331 2333 1348 2360 ‚

329 2376 462 2429 folia
487 2375 821 2445 paleasque...
849 2373 1045 2441 rapiat,
1071 2374 1210 2425 sicut
1237 2392 1349 2425 ma-

331 2472 460 2527 gnes
486 2454 704 2506 ferrum.
725 2476 748 2499 a
765 2452 892 2503 Mox
911 2469 1037 2505 vero
1053 2490 1070 2515 ‚
1087 2452 1184 2503 ubi
1204 2453 1376 2522 prius·

332 2534 623 2605 legebatur,
656 2558 678 2579 ι
705 2549 763 2583 ac
797 2530 920 2584 folia
945 2528 1122 2594 arida,
1151 2549 1210 2583 ac
1231 2531 1353 2601 phi·

333 2614 476 2683 lyras
495 2646 510 2673 ,
538 2623 597 2663 ut
621 2628 833 2681 magnes
855 2609 988 2679 lapis
1011 2610 1230 2661 ferrum.
1253 2610 1354 2661 Ra-

335 2704 511 2745 menta
543 2708 754 2761 quoque
787 2690 897 2759 ejus
933 2690 990 2740 in
1029 2689 1146 2740 oleo
1182 2687 1356 2740 addita

339 2769 560 2839 flagrant
631 2767 916 2821 dilucidius
941 2806 956 2832 ,
1020 2766 1322 2837 diutiusque
1341 2806 1358 2831 ‚

337 2864 501 2921 quam
519 2846 614 2899 lini
627 2845 875 2908 medulla,
887 2871 908 2893 ιι
923 2843 1134 2898 eosdem
1149 2846 1360 2916 sequuti

341 2924 552 2981 codices
565 2923 631 2976 ad
644 2943 796 2975 suum
809 2924 1034 2976 nitorem
1048 2925 1201 2993 plane
1213 2924 1359 2978 hunc

339 3009 518 3060 locum
539 3002 881 3069 restituimus,
899 3016 958 3055 ut
971 3002 1137 3054 cuivis
1154 3002 1360 3072 singula

341 3081 667 3155 expendenti
687 3082 960 3135 constabit.
987 3081 1068 3133 De
1094 3082 1358 3135 attractiva

344 3164 529 3218 electri
576 3162 804 3224 virtute,
853 3161 1022 3213 multa
1068 3161 1362 3215 Kircberus

343 3255 528 3297 noster
585 3238 790 3295 erudite
817 3278 833 3302 ,
880 3238 1072 3292 Mundi
1127 3241 1360 3293 subterr.

341 3324 442 3377 lib.
467 3322 637 3383 vm,
669 3330 797 3372 tom.
825 3319 908 3384 11,
953 3336 1076 3389 pag.
1111 3323 1203 3387 76.
1233 3318 1300 3371 Η.

427 3408 482 3465 4.
511 3400 654 3453 Ferri
673 3410 886 3449 ramenta
911 3416 1113 3469 quoque.
1141 3398 1262 3450 Non
1285 3399 1361 3451 le-

344 3482 430 3535 via
464 3478 660 3543 modo,
703 3476 794 3531 sed
829 3490 885 3531 et
921 3476 1364 3547 ponderosissima

347 3558 520 3613 omnis
547 3558 752 3630 generis
771 3556 1006 3613 metalla,
1036 3558 1233 3609 serrum
1249 3596 1265 3618 ‚
1286 3574 1369 3609 an·

347 3650 562 3709 gentum
582 3676 598 3696 ‚
639 3653 860 3693 aurum,
887 3636 1196 3706 plumbum,
1228 3635 1295 3687 ad
1328 3654 1370 3687 x

349 3734 414 3771 ac
437 3734 506 3769 xx
540 3717 729 3778 libras,
763 3714 966 3783 ligneos
999 3714 1248 3781 baculoe,
1282 3715 1370 3766 h·-

347 3808 476 3860 ιῐιιι,
485 3794 834 3859 chirothecas,
863 3794 1063 3846 succini
1095 3794 1263 3847 frusto
1291 3806 1371 3845 at-

353 3874 568 3929 traxisse
601 3893 654 3927 se
683 3873 976 3928 Kircherus
1009 3872 1150 3925 idem
1186 3884 1371 3927 coute-

352 3966 536 4017 utatur,
559 3971 676 4024 pag.
714 3972 806 4023 77.
837 3944 1002 4017 Quod
1035 3970 1200 4022 porro
1228 3952 1374 4005 Geo-

353 4033 587 4101 peninon
629 4044 832 4097 auctor,
869 4033 966 4086 lib.
1001 4030 1127 4097 XV,
1168 4048 1283 4101 cap.
1324 4048 1375 4094 ι,

1423 1290 1547 1343 pag.
1592 1276 1724 1339 406,
1752 1272 1993 1343 famaque
2025 1272 2171 1341 vulgi
2210 1274 2439 1329 ocimum
2526 1334 2533 1341 .

1427 1351 1645 1421 excipit,
1672 1348 1816 1421 quod
1836 1369 1865 1402 a
1890 1351 2102 1403 succino
2127 1371 2279 1421 posse
2304 1356 2440 1407 trahi

1429 1442 1604 1499 negat,
1636 1425 1865 1499 ἀχυρώὸη
1894 1430 1976 1481 καὶ
2001 1437 2155 1499 κοῦφα
2172 1432 2299 1485 ἕλκει
2325 1435 2443 1502 πρὸς

1428 1510 1597 1561 ἑαυτὸν
1614 1546 1627 1571 ,
1655 1508 1779 1563 πλὴν
1804 1510 1985 1579 ὠκίμου
2002 1548 2016 1573 ,
2040 1508 2096 1559 id
2118 1509 2273 1562 variis
2294 1529 2445 1582 expe-

1427 1586 1669 1637 rimentis
1682 1586 1869 1639 falsum
1890 1606 2001 1640 esse
2020 1600 2074 1639 et
2092 1588 2197 1657 ipsi
2223 1588 2445 1653 scimus,

1431 1675 1482 1715 et
1504 1663 1643 1715 idem
1668 1664 1960 1719 Kircherus
1988 1665 2134 1719 vidit.
2162 1665 2227 1719 H.
2260 1698 2336 1709 -—
2364 1670 2447 1721 Ac

1431 1754 1486 1792 ut
1511 1762 1703 1812 magnes
1741 1744 1864 1813 lapis
1880 1785 1894 1806 ,
1916 1746 2046 1811 serr-1⁰
2075 1757 2312 1809 ramenta,
2347 1759 2449 1800 etc.

1433 1821 1603 1874 Gron.
1620 1834 1673 1873 et
1694 1824 1778 1876 Al.
1796 1834 1917 1877 ante
1938 1823 2101 1876 Hard.
2117 1850 2140 1872 c
2162 1825 2284 1876 folia
2303 1824 2451 1879 arida

1431 1918 1493 1953 ac
1508 1900 1740 1971 philyrae
1750 1942 1765 1967 ‚
1786 1916 1847 1954 ut
1858 1920 2071 1972 magnes
2082 1903 2217 1974 lapis
2230 1904 2448 1957 ferrum.

1433 1980 1685 2031 Ramenta
1704 1999 1915 2053 quoque
1937 1984 2048 2051 ejus
2068 1982 2125 2035 in
2145 1983 2283 2046 oleo,
2310 1995 2444 2036 etc.»

1433 2058 1580 2110 Brot.
1610 2078 1672 2111 ex
1706 2058 1856 2111 MSS.
1882 2062 2041 2130 Regg.
2066 2072 2119 2111 et
2150 2058 2274 2113 edit.
2302 2061 2453 2131 priu-

1433 2138 1553 2207 cipe
1576 2155 1590 2189 :
1620 2162 1643 2185 ι
1672 2156 1796 2209 quta
1823 2139 1958 2192 levia
1984 2151 2134 2204 sunt3
2156 2152 2218 2192 ut
2238 2158 2451 2210 magnes

1432 2217 1567 2287 lapis
1586 2254 1599 2279 ‚
1654 2218 1873 2271 ferrum.
1933 2219 2190 2275 Ramenta
2241 2238 2454 2290 quoque

1433 2296 1633 2347 succini
1673 2297 1819 2362 oleo,
1841 2308 1941 2349 etc.
1962 2322 1983 2341 ι
2012 2298 2116 2350 Eo.

1522 2373 1573 2425 5.
1620 2375 1779 2441 Quam
1825 2376 1914 2426 lini
1952 2374 2175 2427 medulla.
2212 2378 2291 2428 Ita
2330 2376 2455 2429 libri

1438 2470 1658 2503 omnes:
1690 2452 1833 2506 haud
1874 2452 2035 2505 dubie
2070 2467 2275 2517 tamen,
2315 2474 2457 2527 quam

1435 2532 1545 2599 pini
1596 2532 1801 2583 medulla
1836 2570 1851 2596 ‚
1904 2533 2004 2602 legi
2057 2535 2221 2587 satius
2276 2534 2454 2587 fuerit.

1443 2606 1591 2673 Quid
1614 2611 1753 2661 enim
1788 2610 1875 2659 lim'
1907 2606 2160 2663 medulla?
2186 2613 2423 2682 Stupane
2441 2652 2459 2679 ,

1446 2705 1564 2755 quae
1591 2686 1837 2739 medullae
1862 2690 2103 2761 proxima
2120 2696 2145 2760 ξ’
2162 2692 2368 2743 Vereor
2402 2705 2462 2745 ut

1445 2764 1503 2816 id
1526 2765 1647 2817 satis
1673 2765 1877 2819 dicatur
1899 2767 2151 2835 apposite.
2181 2768 2301 2819 Pini
2328 2788 2460 2823 vero

1445 2843 1729 2897 medullam
1757 2884 1772 2907 ,
1830 2862 1985 2914 quam
2033 2844 2204 2897 Gra-ci
2256 2845 2462 2917 καρδίαν

1447 2935 1659 2988 vocant,
1677 2923 1949 2993 Theophr.
1966 2921 2099 2974 Hist.
2124 2924 2287 2993 plant.
2306 2926 2401 2978 lib.
2418 2928 2466 2993 1,

1447 3021 1565 3073 cap.
1607 3020 1667 3071 9,
1709 3002 1934 3054 maxime
1962 2997 2172 3073 ἔνὸᾳδον
2197 3021 2306 3056 esse
2336 3022 2463 3058 vere

1448 3082 1837 3152 pronuntiavit,
1862 3082 1967 3133 hoc
2000 3093 2079 3134 est
2089 3089 2127 3144 ‚⁸
2147 3080 2265 3135 teda
2296 3084 2463 3137 refer·

1447 3174 1575 3215 tam.
1594 3158 1773 3213 Hann.

1530 3243 1585 3291 6.
1628 3240 1837 3290 Tae-atio
1867 3242 1916 3289 in
1941 3238 2124 3291 deliciis
2160 3252 2294 3293 tama
2312 3280 2328 3307 ,
2361 3253 2463 3293 etc.

1451 3318 1736 3389 Super-iore
1794 3318 1981 3371 saeculo
2029 3320 2241 3390 vigebat
2293 3318 2468 3372 adhuc

1449 3396 1593 3468 apud
1634 3414 1730 3448 nos
1772 3396 1859 3449 ille
1904 3399 2105 3451 succini
2142 3418 2319 3464 amm-3
2358 3401 2468 3467 jam

1451 3476 1695 3530 exolevit.
1714 3474 1842 3528 Vidi
1868 3477 2052 3548 plures
2072 3496 2101 3529 e
2124 3478 2337 3530 succino
2359 3474 2471 3528 effi·

1453 3556 1588 3627 giezi,
1618 3568 1715 3607 etc.
1744 3556 1911 3610 Bnor.
2466 3563 2474 3571 “

1538 3654 1591 3704 7.
1630 3634 1697 3687 Ut
1721 3638 1977 3704 castigatio
2007 3654 2103 3685 una
2130 3651 2225 3684 non
2248 3635 2313 3685 sit
2335 3634 2469 3684 satis.

1453 3714 1532 3766 Ut
1566 3714 1835 3783 castigasse
1877 3713 2160 3783 invehique
2199 3713 2256 3765 in
2299 3729 2474 3763 mores

1456 3794 1617 3845 semel
1645 3794 1821 3845 obiter
1847 3810 1953 3844 non
1982 3792 2048 3844 sit
2075 3790 2217 3843 satis.
2250 3792 2431 3843 Ham).

1494 3886 1499 3891 '
1541 3876 1593 3927 8.
1612 3872 1753 3925 Auno
1772 3882 2061 3941 argentoque
2081 3867 2489 3924 m.'xtum.Gron.·

1459 3964 1513 4003 et
1558 3952 1642 4004 Al.
1705 3961 1828 4003 ante
1880 3947 2139 4001 Harduin.
2190 3961 2475 4020 argentoque

1463 4033 1627 4081 mixto.
1652 4030 1755 4081 En.

2094 4132 2219 4205 38²
