2975 4684
483 349 622 446 ⁵90

1029 353 1104 419 C.
1155 350 1484 419 PLINII
1536 350 1747 419 NAT.
1797 350 2055 417 HIST.

479 483 862 568 arboribus,
912 496 986 549 ut
1031 482 1281 575 gummi
1321 482 1406 550 in'
1433 481 1705 566 cerasis,
1740 482 1955 550 resina
1996 466 2249 575 pinis⁵⁰.
2300 482 2649 576 Erumpit

479 590 776 659 humoris
825 585 1224 655 abundantia
1248 572 1294 611 ⁵¹
1329 612 1344 655 ε
1391 586 1703 656 dematur
1756 588 1975 681 rigore
2019 585 2120 655 vel
2188 601 2411 681 tepore
2484 613 2640 657 au-

483 678 842 763 tumnali⁵².
868 693 1094 780 Quum
1116 678 1809 762 intumescens⁵³aestus
1828 692 2047 786 rapuit
2070 716 2148 761 ex
2174 692 2417 778 insulis,
2428 708 2641 763 certe

481 802 546 867 in
591 798 812 867 littora
854 796 1220 892 expellitur,
1263 800 1354 868 ita
1391 798 1715 883 volubile,
1764 814 1839 867 ut
1875 797 2163 893 pendere
2184 784 2235 829 ⁵⁴
2282 798 2629 879 videatur,

480 1048 580 1101 dit.
605 1048 795 1101 Fluctu
817 1066 946 1101 vero
971 1048 1230 1102 lambente
1255 1046 1311 1099 in
1335 1046 1502 1101 altum

480 1127 852 1199 provolutum,
911 1128 1069 1181 maris
1125 1126 1383 1196 vertigine
1442 1144 1503 1179 ac

483 1206 761 1278 salsugine,
783 1208 1140 1280 temporisque
1157 1204 1504 1258 diuturnitate

481 1284 731 1350 durescit,
745 1300 806 1339 ut
822 1286 962 1357 apud
976 1305 1072 1338 nos
1083 1284 1502 1355 pissasphaltum‚

479 1378 534 1419 et
560 1368 668 1436 jam
709 1379 824 1419 tum
864 1366 1142 1419 succinum
1183 1376 1260 1416 est
1275 1398 1294 1426 ,
1324 1364 1503 1433 sieque

479 1456 790 1499 concretum
805 1446 861 1497 in
877 1446 1052 1499 littora
1068 1445 1180 1515 ejus
1197 1442 1499 1513 scaturigini

383 1562 390 1569 -
481 1525 723 1595 opposita
773 1523 1006 1577 adversis
1058 1518 1230 1575 ventis
1275 1522 1501 1593 ejicitur.

481 1604 694 1675 Gagatia
709 1643 726 1670 ,
744 1605 834 1675 qui
861 1604 1045 1674 procul
1074 1600 1239 1654 dubio
1261 1601 1502 1653 bitumen

481 1696 558 1736 est
581 1684 867 1738 visceribus
900 1696 1055 1737 terrm
1089 1680 1269 1733 multis
1297 1680 1503 1733 saeculis

481 1775 792 1829 excoctum,
831 1762 1036 1832 glebam
1069 1760 1259 1825 habui,
1297 1772 1499 1812 erutam

484 1859 651 1913 prope
695 1842 1004 1894 Narbonem
1050 1840 1106 1891 in
1155 1842 1270 1909 ejus
1311 1837 1503 1908 lapidis

482 1920 707 1982 fodinis,
745 1919 964 1971 dimidia
996 1937 1056 1970 ex
1093 1930 1242 1987 parte
1269 1917 1499 1986 nigram,

483 1998 640 2052 altera
665 1996 851 2049 flavam
867 2035 882 2059 ,
911 1996 1110 2048 succini
1135 1994 1294 2047 modo
1317 2012 1333 2047 ε
1355 1994 1501 2065 quod

480 2087 788 2143 argumento
807 2074 1096 2127 certissimo
1113 2085 1208 2133 est,
1229 2074 1503 2125 succinum

483 2172 547 2204 eo
585 2150 746 2204 modo
779 2152 919 2221 gigni
950 2170 1058 2220 quo
1085 2149 1333 2203 diximus.
1369 2150 1501 2201 Glo-

483 2232 638 2282 bulos
662 2248 876 2301 quoque
903 2248 932 2281 e
963 2228 1180 2281 succino
1219 2226 1501 2281 duodecim

487 2308 627 2363 haud
663 2311 734 2363 ita
762 2307 968 2379 pridem
1005 2308 1061 2359 iu
1102 2306 1358 2359 fossili-nm
1387 2306 1501 2359 the-

483 2408 636 2442 sauro
675 2408 794 2443 meo
821 2388 1052 2451 servavi,
1095 2386 1324 2457 singulos
1367 2386 1503 2439 culi-

484 2488 599 2521 cem
627 2466 956 2521 ostendentes
973 2504 988 2531 ,
1013 2466 1094 2519 vel
1124 2466 1392 2519 formicam
1423 2466 1505 2519 in-

483 2560 568 2600 tus
610 2548 886 2617 sepultam.
916 2545 1116 2599 Dum.
1140 2576 1218 2589 -·
1251 2546 1499 2599 Nascitur.

484 2628 560 2678 Ita
589 2626 834 2687 Solinus,
861 2625 967 2679 loc.
992 2626 1081 2678 cit.
1119 2624 1418 2679 subscribit
1449 2636 1501 2677 et

484 2706 648 2758 Olaus
673 2706 920 2776 Magnus,
948 2705 1080 2757 nist.
1110 2706 1203 2758 lib.
1227 2706 1350 2767 XII,
1370 2722 1416 2757 c.
1446 2706 1501 2768 8,

481 2804 600 2857 pag.
650 2784 754 2837 500
797 2803 812 2836 ε
849 2810 872 2833 ι
911 2784 1152 2859 Abietes,
1181 2783 1384 2855 inquit,
1407 2802 1499 2835 seu

483 2864 646 2934 piceo
666 2866 908 2930 arbores,
927 2877 1111 2917 natura
1131 2880 1220 2915 sua
1241 2862 1507 2925 resinosae,

481 2946 677 2997 excelsa
692 2945 1026 3013 proceritate,
1040 2944 1150 2997 sive
1159 2960 1315 3011 super
1325 2940 1502 2993 littora

480 3024 665 3086 niaris,
705 3026 814 3075 sive
845 3042 1005 3091 super
1043 3022 1214 3084 rivos,
1256 3020 1338 3071 vel
1379 3018 1505 3071 alias

481 3102 732 3153 silvarum
789 3099 1114 3153 declivitates
1177 3110 1466 3153 crescentes
1485 3136 1501 3161 ,

480 3180 748 3233 succinum
805 3178 994 3231 sudant
1012 3219 1028 3243 ‚
1081 3178 1308 3231 maxime
1364 3176 1493 3229 dum

481 3258 706 3312 maturis
725 3258 961 3327 frugibus
981 3258 1103 3310 solis
1127 3258 1320 3322 fervor,
1343 3270 1442 3310 etc.
1465 3282 1488 3303 ι·

481 3338 582 3391 Sed
607 3339 768 3391 altera
791 3338 1042 3407 praeterea
1063 3336 1259 3389 succini
1283 3354 1499 3405 genera-

481 3419 557 3471 tio
591 3431 697 3481 est,
727 3436 756 3469 e
795 3428 932 3469 terra
969 3415 1165 3467 scilicet
1189 3433 1202 3466 :
1227 3433 1392 3484 quum
1428 3416 1497 3469 sit

479 3499 615 3569 picis
641 3495 860 3560 fossilis,
885 3512 972 3547 seu
999 3493 1274 3545 bituminis
1297 3510 1491 3562 genus:

481 3576 626 3648 quod
649 3594 758 3629 non
784 3576 836 3627 in
863 3574 1036 3627 littore
1056 3570 1218 3623 modo
1237 3572 1489 3625 Pruasiaci

479 3656 658 3721 maris,
673 3654 760 3709 aed
785 3654 908 3707 etin
933 3651 1058 3705 locis
1079 3650 1145 3703 ab
1169 3668 1230 3703 eo
1255 3650 1495 3720 pluribus

479 3754 724 3805 passuum
750 3734 980 3787 millibus
1000 3730 1280 3802 disjunctis
1296 3768 1311 3795 ,
1328 3742 1493 3801 atque

477 3812 610 3865 adeo
650 3814 704 3865 in
747 3814 873 3884 ipsis
915 3812 1180 3865 montibus
1211 3810 1488 3881 reperitur.

479 3889 619 3943 vide
641 3892 958 3945 Kircherum
976 3931 992 3954 ,
1020 3890 1086 3945 de
1123 3887 1327 3943 Mundo
1359 3890 1488 3943 sub-

479 3968 910 4033 terr.lih.V111,
951 3990 1066 4041 cap.
1103 3970 1196 4037 13,
1238 3987 1354 4041 pag.
1395 3966 1486 4038 75.

1590 1047 1871 1101 succinum
1919 1064 1949 1099 e
2000 1059 2333 1102 cetaceornin
2380 1049 2627 1118 pindum

1589 1139 1848 1197 spei-mate
1884 1124 1999 1177 fieri
2018 1164 2033 1189 ‚
2070 1127 2449 1181 recentioribus
2486 1130 2627 1199 qui·

1589 1204 1811 1273 busdam
1860 1204 2274 1275 negotiatoribus
2314 1208 2627 1262 sarmatici-

1588 1282 1817 1337 credidit
1871 1284 2107 1336 Alciatua
2134 1324 2151 1350 ,
2207 1286 2418 1356 Parerg.
2472 1288 2617 1358 jin-is

1589 1364 1680 1416 lib.
1704 1363 1843 1425 Vll,
1871 1374 1997 1415 tom.
2017 1363 2118 1427 vl,
2145 1382 2258 1435 cap.
2287 1372 2343 1429 4,
2367 1364 2458 1418 fol.
2482 1366 2610 1419 151.

1591 1442 1821 1497 Consule
1830 1439 1897 1492 de
1907 1442 2008 1495 hoc
2016 1456 2325 1513 argumento
2336 1444 2613 1497 historiam

1589 1521 1881 1575 Academia
1901 1520 2074 1591 Regia
2091 1522 2463 1587 Scientiarum,
2478 1525 2615 1577 anni

1598 1601 1901 1671 1705,pag.
1936 1600 2028 1664 43.
2057 1602 2125 1653 Η.
2152 1632 2228 1643 --
2256 1602 2377 1654 Non
2404 1601 2474 1655 de
2498 1621 2613 1656 sno-

1590 1680 1738 1744 cino,
1778 1678 1939 1730 ambre
1959 1681 2110 1750 jaune
2130 1720 2145 1745 ,
2196 1698 2377 1733 verum
2404 1681 2473 1733 de
2498 1700 2611 1734 ant-

1589 1760 1741 1823 baro,
1754 1758 1915 1810 ambre
1932 1762 2059 1827 gris,
2088 1770 2331 1812 auctores
2345 1760 2605 1831 quosdam

1592 1837 1697 1890 hoc
1726 1835 2025 1908 prodidisse
2050 1838 2402 1894 meminimus.
2424 1841 2527 1892 En.

1672 1917 1759 1969 50.
1783 1918 1956 1967 Resina
1963 1920 2107 1985 pinis.
2129 1916 2216 1969 Sic
2236 1918 2383 1970 MSS.
2402 1938 2609 1985 omnes,

1590 2013 1697 2047 non
1710 1999 1880 2064 pineis.
1900 1997 2085 2047 Sextus
2103 1996 2193 2048 bic
2212 2014 2379 2061 casus,
2399 2016 2427 2047 a
2438 2001 2605 2067 pinus,

1581 2077 1717 2144 pini,
1762 2072 2004 2129 secundo
2038 2073 2416 2129 declinationis.
2449 2075 2517 2128 Η.

1674 2155 1705 2206 5
1720 2173 1739 2205 ι
1753 2194 1765 2205 .
1824 2156 2048 2224 Erumpit
2098 2154 2305 2207 humoris
2356 2154 2599 2207 abundan-

1590 2234 1692 2296 tia,
1732 2244 1831 2285 etc.
1862 2232 1999 2302 Lege
2030 2250 2045 2285 ε
2085 2260 2106 2280 ι
2138 2234 2327 2304 Erupti
2368 2236 2603 2288 humoris

1588 2310 1905 2363 abundantia
1927 2310 2173 2364 densatur
2200 2314 2397 2384 frigore
2422 2315 2503 2367 vel
2528 2328 2604 2367 te-

1588 2408 1750 2460 pore,
1783 2402 1872 2441 aut
1902 2391 2033 2444 mari
2063 2408 2227 2461 quum
2256 2393 2606 2447 intumescens

1590 2482 1740 2521 aestus
1754 2469 1929 2537 rapuit
1944 2488 2007 2521 ex
2020 2469 2229 2524 insulis:
2248 2484 2387 2525 certe
2402 2472 2457 2525 in
2472 2474 2603 2527 litto-

1588 2564 1645 2599 ra
1658 2548 1937 2616 expellitur
1950 2548 2019 2601 ita
2034 2548 2287 2615 volubile,
2300 2564 2359 2603 ut
2374 2550 2597 2621 pendere

1590 2625 1847 2688 videatur,
1864 2638 2022 2695 atque
2036 2646 2145 2681 non
2158 2627 2327 2683 sidere
2340 2630 2394 2683 in
2413 2630 2589 2683 ndo.-

1674 2704 1759 2757 52.
1791 2706 1887 2756 Vel
1902 2718 2057 2775 tepore
2073 2709 2355 2761 autumnali.
2376 2710 2599 2775 Solinus,

1589 2784 1693 2838 loc.
1718 2785 1807 2839 cit.
1835 2786 1901 2837 At
1924 2784 2188 2847 Isidorus,
2219 2786 2367 2855 Orig.
2389 2788 2427 2841 1.
2448 2790 2601 2857 XVI,

1588 2882 1705 2934 cap.
1732 2864 1763 2916 8
1779 2903 1793 2928 ,
1814 2864 1897 2915 vel
1926 2876 2127 2933 tempore
2144 2902 2157 2923 ,
2190 2864 2455 2921 mendose.
2482 2868 2551 2921 Η.

1672 2943 1699 2995 5
1712 2942 1763 2995 3.
1807 2944 1964 3011 Quum
2006 2949 2323 2997 intumescens.
2366 2947 2600 3012 Tacitus,

1588 3020 1687 3073 loc.
1712 3021 1799 3073 cit.
1837 3046 1859 3069 ι
1890 3022 2215 3076 Fecundior-a
2244 3024 2402 3093 igitur
2424 3045 2599 3078 nemo-

1587 3119 1647 3153 ra
1668 3100 1938 3171 lucosque,
1960 3101 2093 3153 sicut
2114 3103 2346 3155 Orientis
2370 3106 2597 3170 seeretis,

1583 3180 1675 3232 ubi
1696 3180 1850 3232 thura
1882 3180 2214 3253 balsamaque
2235 3181 2509 3249 sudantur,
2530 3183 2597 3237 ita

1584 3256 1888 3311 Occidentis
1926 3259 2107 3313 insulis
2142 3262 2398 3332 terrisque
2438 3264 2596 3317 inesse

1583 3335 1929 3402 crediderim,
1960 3357 2077 3409 qnae
2095 3340 2255 3393 vicini
2288 3339 2412 3393 solis
2441 3340 2597 3395 radiis

1584 3436 1849 3486 expressa,
1872 3432 2029 3488 atque
2048 3420 2299 3489 liquentia
2316 3458 2331 3481 ,
2355 3419 2407 3474 in
2431 3420 2595 3490 proxi-

1584 3514 1727 3549 mum
1758 3515 1901 3549 mare
1927 3497 2193 3558 labuntur,
2224 3516 2285 3552 ac
2316 3500 2366 3550 vi
2401 3512 2593 3570 tempe-

1581 3588 1771 3628 statum
1787 3576 1841 3627 in
1856 3576 2069 3629 adversa
2088 3578 2263 3631 littora
2274 3576 2585 3633 exundant.-

1665 3654 1755 3717 54.
1788 3654 2069 3724 Utpmdere
2086 3658 2325 3709 videatur.
2343 3658 2419 3709 Ut
2438 3655 2589 3709 modo

1580 3730 1813 3803 pendere
1854 3734 1906 3787 in
1946 3735 2093 3805 aquis
2112 3776 2125 3797 ,
2168 3734 2330 3787 modo
2374 3737 2431 3789 in
2462 3734 2586 3789 vado

1578 3810 1851 3865 considere
1866 3813 2120 3867 videatur.
2138 3814 2214 3865 Ita
2228 3813 2377 3865 MSS.
2392 3833 2479 3866 om
2487 3832 2587 3868 nes.

1578 3891 1859 3947 Salmasius
1882 3892 1937 3945 in
1960 3894 2122 3947 Solin.
2142 3910 2257 3963 pag.
2288 3912 2315 3943 ι
2330 3890 2401 3955 34
2418 3930 2435 3957 ,
2456 3892 2585 3963 legit,

1576 3982 1717 4041 atque
1754 3991 1847 4024 non
1872 3971 2041 4025 sidere.
2072 3970 2279 4023 Tacitus
2299 4010 2313 4032 ,
2358 3970 2460 4024 loc.
2504 3970 2581 4023 cit.
