2975 4684
490 435 633 511 286

1030 435 1112 503 C.
1164 437 1506 506 PLINII
1556 435 1764 502 NAT.
1814 436 2066 506 HIST.

486 569 653 642 libus
690 566 867 662 apud
904 565 1175 659 Trojam
1234 581 1600 662 pugnatum
1649 554 2196 656 continebantur⁴
2255 568 2606 663 imagines:

488 675 658 746 unde
700 687 769 740 et
808 695 1055 740 nomen
1094 673 1389 742 habuere
1448 671 1828 764 clypeorum
1853 657 1876 694 ⁵
1923 697 1938 738 ε

1987 697 2123 740 non
2163 687 2241 740 Ut
2299 699 2610 769 perversa

483 778 1063 875 grammaticorum
1094 778 1415 848 subtilitas
1452 775 1695 862 voluit,
1731 800 1768 844 a
1795 763 2134 846 cluendo⁶.
2175 781 2386 875 Origo
2414 779 2606 874 plena

480 883 736 954 virtutis
758 933 777 968 ,
834 883 1071 954 faciem
1108 883 1293 952 reddi
1329 885 1397 951 in
1436 896 1626 950 scuto
1669 883 2014 978 cujusque,
2059 886 2172 978 qui
2216 884 2412 954 fuerit
2451 911 2607 956 usus

480 987 609 1058 illo.
661 989 850 1058 Poeni
908 1015 991 1060 ex
1052 1014 1213 1059 auro
1263 987 1644 1058 factitavere
1691 999 1760 1056 et
1805 988 2107 1083 clypeoS,
2146 1004 2214 1059 et
2253 993 2604 1085 imagines,

412 1120 437 1156 τ·
478 1117 837 1190 secumque
866 1097 935 1165 in
970 1096 1195 1166 castris
1226 1092 1453 1162 tulere.
1495 1097 1694 1162 Certe
1737 1117 1816 1163 ca
1865 1097 1948 1164 tis
1989 1098 2080 1164 eis
2119 1097 2313 1165 talem
2352 1098 2606 1166 Asdru-

477 1201 645 1273 balis
699 1205 952 1273 invenit
1000 1198 1346 1286 Marcius⁷,
1401 1201 1787 1294 Scipionum
1889 1203 1958 1270 in
2017 1202 2334 1297 Hispania
2394 1202 2603 1272 ultor:

480 1313 665 1406 isque
706 1309 975 1405 clypeus
1012 1329 1211 1400 supra
1260 1304 1435 1375 fores
1485 1305 1876 1400 Capitolinae
1923 1307 2080 1376 aedis
2121 1333 2332 1402 usque
2373 1308 2457 1377 ad
2497 1311 2606 1376 in·-

484 1417 789 1490 cendium
818 1410 1135 1511 primum⁹
1168 1411 1323 1503 fuit..
1346 1413 1681 1506 Majorum
1709 1413 1972 1508 quidem
2003 1430 2384 1484 nostrorum
2423 1428 2610 1483 tanta

568 1641 622 1698 4.
646 1631 1020 1688 Continebantur
1035 1629 1282 1696 imagines.
1300 1628 1498 1693 Quales

484 1716 541 1769 in
570 1713 790 1768 Achillis
812 1711 1000 1780 clypeo
1021 1709 1087 1759 ab
1118 1707 1352 1760 Homero
1374 1726 1500 1778 pro-

484 1797 585 1847 lixe
602 1791 995 1850 describuntur,
1015 1788 1080 1841 Il.
1096 1791 1156 1850 Σ,
1177 1805 1227 1839 v.
1254 1789 1363 1856 478
1381 1805 1494 1857 sqq.

486 1875 553 1926 Et
576 1873 629 1922 in
658 1873 835 1922 AEneoe
864 1881 1011 1922 scuto
1044 1865 1303 1928 similiter,
1329 1884 1359 1917 a
1390 1865 1503 1918 Ma·

482 1969 639 2012 rone,
666 1953 786 2004 AEn.
816 1950 976 2003 vul.
997 1945 1101 1999 Vel
1124 1947 1299 2015 potius
1326 1944 1500 2014 imago

481 2030 657 2083 vultus
674 2031 803 2098 ejus,
823 2029 974 2099 cujus
996 2039 1107 2080 erat
1131 2037 1359 2089 scutum,
1379 2023 1500 2076 tho-

482 2127 601 2163 race
617 2122 773 2162 tenus
797 2107 1005 2180 depicta
1024 2125 1037 2158 ε
1060 2103 1358 2157 Trebellius
1376 2101 1501 2154 Pol·

479 2189 580 2258 lio,
606 2190 661 2244 in
685 2187 910 2243 Claudio
933 2185 1193 2248 Gothico,
1212 2187 1331 2253 pag.
1361 2180 1496 2236 203:

491 2297 514 2320 ι
544 2271 632 2325 Illi
656 2271 874 2344 clypeus
894 2283 1099 2329 aureus,
1118 2262 1201 2316 vel
1217 2301 1231 2326 ,
1254 2272 1311 2312 ut
1328 2279 1504 2329 gram-

486 2351 662 2407 matici
687 2352 998 2420 loquuntur,
1012 2343 1261 2416 clypeum
1280 2357 1502 2392 aureum

486 2444 695 2484 senatus
732 2429 890 2482 totius
923 2422 1159 2497 judicio,
1198 2422 1252 2473 in
1280 2437 1500 2472 romana

484 2511 627 2564 curia
690 2507 1008 2562 collocatum
1063 2515 1141 2554 est
1155 2539 1171 2564 ‚
1231 2511 1289 2550 ut
1341 2497 1500 2550 etiam

484 2609 625 2644 nuuc
643 2587 882 2641 videtur:
902 2601 1143 2654 expressa
1159 2579 1370 2633 thorace
1390 2578 1506 2630 vul-

484 2683 567 2722 tus
587 2670 699 2738 ejus
725 2667 919 2734 imago.
949 2689 971 2709 ι
1010 2659 1193 2712 Ηιιιι).

567 2745 617 2800 5.
659 2746 797 2800 Unde
826 2757 874 2796 et
900 2760 1063 2794 nomen
1090 2739 1291 2790 habuere
1312 2737 1502 2808 σζῃκο-

484 2847 607 2880 rum.
638 2826 773 2882 Vult
800 2825 1015 2894 clypeos
1045 2817 1182 2883 dici,
1208 2815 1358 2890 quasi
1386 2815 1502 2883 glr-

474 2927 621 2977 μω,
670 2905 769 2957 ἀπὸ
816 2909 902 2958 τοῦ
954 2901 1179 2972 γλὺφιιν,
1231 2891 1383 2967 quod
1426 2907 1504 2947 est

480 2986 751 3056 sculpere,
777 2980 921 3055 quod
947 2978 1197 3034 celentur
1225 2973 1504 3044 insculptis

483 3063 819 3136 iimginibus.
890 3059 1158 3130 Sosipater
1230 3053 1502 3106 Charisius

482 3145 612 3198 lust.
654 3144 895 3196 Granum.
924 3140 983 3202 1,
1020 3157 1137 3208 pag.
1172 3137 1241 3202 59
1276 3151 1291 3184 z
1328 3158 1349 3180 ι
1381 3133 1504 3201 cly-

480 3242 612 3295 peus
639 3221 926 3276 masculino
954 3235 1147 3288 genere
1169 3214 1226 3267 in
1247 3211 1504 3282 significa-

482 3303 627 3356 tione
670 3302 806 3356 scuti
850 3297 1093 3372 ponitur,
1132 3305 1192 3346 ut
1232 3291 1501 3343 Labienus

480 3383 583 3436 ait:
606 3395 796 3436 neutro
813 3391 991 3432 autem
1010 3391 1198 3446 genere
1220 3368 1502 3440 imaginem

479 3455 1007 3534 significat...Plinius
1040 3451 1204 3506 Dubii
1231 3449 1504 3502 Sermonis

480 3539 745 3604 secundo,
786 3534 1093 3589 indistincto
1144 3547 1351 3608 genere·
1394 3525 1504 3580 dici

481 3621 583 3686 ait,
610 3619 705 3673 sed
728 3619 905 3670 littera
934 3611 1152 3664 differre
1178 3626 1192 3660 z
1218 3620 1277 3660 ut
1298 3625 1504 3678 pugna-

484 3703 679 3756 torium
694 3701 823 3770 peri
838 3695 1067 3766 clipeum
1088 3686 1345 3754 dicamus,
1355 3681 1502 3756 quod

480 3795 558 3835 est
582 3801 611 3834 a
630 3781 839 3848 clepere,
865 3771 919 3828 id
940 3783 1045 3836 est,
1060 3767 1243 3822 colare
1265 3763 1467 3818 dictum
1482 3787 1496 3816 ε

480 3843 763 3932 imaginem
795 3874 923 3909 vero
962 3868 1058 3921 per
1089 3867 1121 3899 u
1149 3846 1428 3916 clupeum,
1469 3863 1500 3897 a

476 3941 693 3992 emendo.
730 3934 834 3990 Sed
876 3935 989 3986 hoec
1034 3927 1086 3980 di
1094 3925 1256 3980 ὕοι-ευ
1264 3923 1332 3977 tia
1366 3923 1500 3976 mihi

476 4018 723 4090 displicet
759 4027 979 4086 propter
1022 4005 1502 4094 communion-ema·

477 4110 533 4149 et
572 4117 605 4148 u
642 4097 972 4149 litterarum:
1001 4105 1125 4142 nam
1161 4099 1214 4140 et
1242 4101 1499 4140 maximus

1583 1625 1836 1691 dicimus,
1862 1640 1913 1682 et
1937 1647 2218 1680 maxumus
2244 1646 2259 1682 ε
2280 1642 2332 1682 et
2353 1629 2609 1698 optimus,

1585 1721 1638 1760 et
1663 1722 1914 1780 optumus
1944 1727 1958 1760 :
1985 1726 2084 1762 nec
2111 1721 2287 1762 tamen
2319 1709 2422 1760 ulla
2451 1707 2608 1762 diffe-

1584 1787 1752 1839 rentia
1787 1787 2124 1840 secernimus.
2150 1813 2172 1834 ι
2205 1789 2386 1840 nanu.
2659 1834 2664 1842 .

1669 1869 1722 1918 6.
1766 1865 1820 1916 Α
1843 1866 2057 1917 cluendo.
2091 1863 2148 1917 [d
2173 1879 2275 1930 est,
2302 1865 2608 1937 pugnando.

1586 1942 1720 1996 Inde
1747 1945 1808 1996 fit
1837 1945 2109 2016 clypeam,
2134 1963 2370 2004 armare,
2407 1958 2460 1996 et
2491 1957 2608 1996 tan-

1587 2041 1744 2094 quam
1773 2023 1963 2093 clypeo
1993 2035 2167 2094 tegere
2185 2063 2200 2086 ‚
2231 2035 2289 2075 ut
2309 2036 2361 2086 et
2385 2025 2606 2092 galeare.

1587 2101 1936 2172 Pacuviusoin
1975 2101 2264 2154 Hermione
2310 2099 2451 2172 apud
2499 2101 2610 2154 No-

1585 2181 1734 2232 nium
1750 2199 1762 2230 :
1778 2203 1798 2223 ι
1819 2179 2053 2234 Currum
2072 2179 2268 2250 linquit
2286 2219 2300 2244 ,
2321 2178 2608 2251 chlamyde

1586 2273 1700 2312 astu
1735 2271 1976 2312 contorta
2005 2259 2213 2330 clypeat
2253 2259 2546 2314 brachium.
2577 2285 2600 2308 ι

1585 2337 1798 2390 Servius
1851 2351 2003 2410 putat
2059 2339 2156 2392 ἀπὸ
2213 2345 2297 2392 τοῦ
2351 2341 2610 2406 adim-tw,

1588 2415 1736 2487 quod
1771 2429 2008 2488 tegerent
2033 2431 2082 2470 et
2121 2420 2353 2473 celarent
2382 2438 2609 2490 corpus,

1585 2497 1797 2568 clypeos
1819 2495 2006 2550 dictos.
2037 2499 2173 2550 Du..

1627 2641 1638 2652 ,
1668 2596 1720 2646 7.
1750 2577 1979 2630 Mae-cius.
1999 2576 2064 2628 L.
2094 2577 2354 2642 Marcius,
2377 2575 2448 2629 de
2475 2597 2608 2648 quc,

1587 2655 1676 2720 11,
1719 2655 1782 2720 3,
1813 2653 2061 2707 diximus.
2099 2655 2212 2716 Hoc
2244 2657 2364 2709 loco
2399 2675 2610 2727 prauo·

1589 2752 1711 2788 men
1737 2733 1946 2788 codices
1983 2735 2131 2787 MSS.
2167 2755 2276 2788 non
2313 2736 2600 2790 exhibent:

1585 2813 1713 2867 editi
1759 2814 1883 2866 libri
1924 2833 2203 2885 perperam
2240 2815 2432 2879 Quinti
2479 2835 2611 2886 pre-

1586 2893 1766 2946 fixere.
1791 2894 1872 2946 De
1895 2893 1997 2946 hoc
2017 2893 2078 2945 L.
2104 2894 2307 2946 Marcio
2323 2934 2340 2960 ‚
2375 2893 2496 2946 vide
2518 2895 2610 2945 Li-

1587 2973 1766 3038 vium,
1797 2973 1974 3038 XXV,
2001 2991 2051 3042 p.
2089 2977 2197 3042 276
2223 2993 2336 3044 sqq.
2371 2974 2465 3026 ubi
2499 2973 2610 3026 hoec

1585 3052 1801 3105 Livius:
1825 3079 1844 3098 ι
1870 3051 2028 3122 Apud
2047 3071 2230 3104 omnes
2249 3071 2498 3123 magnum
2517 3071 2610 3104 no-

1587 3151 1710 3186 meu
1740 3133 1802 3184 L.
1833 3131 2020 3184 Marcii
2049 3130 2198 3182 ducis
2223 3143 2296 3184 est
2321 3170 2334 3182 .
2354 3169 2367 3182 .
2394 3170 2405 3180 .
2423 3150 2609 3183 monu-

1586 3224 1940 3281 mentumque
1960 3211 2197 3263 victorio
2218 3211 2328 3281 ejus
2349 3207 2417 3262 de
2437 3209 2608 3263 Poeuis

1586 3307 1753 3361 usque
1764 3287 2442 3360 adiacensumCapitolium
2453 3289 2612 3342 fuisse

1585 3369 1643 3421 in
1678 3365 1877 3438 templo
1913 3369 2189 3440 clypeum,
2233 3369 2490 3422 Marcium
2519 3386 2609 3438 ap-

1585 3447 1870 3518 pellatum,
1903 3467 2028 3500 cum
2075 3447 2304 3516 imagine
2347 3446 2610 3500 Asdruba-

1586 3527 1667 3580 lis.
1697 3553 1718 3574 υ
1749 3525 1929 3579 Hann-

1669 3607 1722 3660 8.
1747 3605 2034 3676 Scipionum.
2065 3605 2218 3658 Cneii
2235 3617 2286 3658 et
2301 3602 2493 3664 Publii,
2515 3601 2608 3672 qni

1588 3681 1837 3738 adversus
1870 3683 2218 3738 Asdrubalem
2255 3683 2607 3747 decertantes,

1591 3763 1645 3816 in
1668 3765 1916 3836 Hispania
1937 3759 2349 3817 obierunt.Vide
2365 3760 2606 3826 Livium,

1590 3845 1768 3911 XXV,
1799 3863 1916 3914 pag.
1959 3841 2244 3912 ²763V81·
2279 3839 2422 3890 Max.
2444 3839 2608 3904 VIII,

1594 3922 1658 3978 15
1679 3961 1695 3988 ,
1721 3941 1777 3974 n.
1809 3942 1896 3976 11.
1926 3919 2107 3971 Hann-

1669 4021 1723 4069 9.
1755 4002 1847 4054 Ad
1860 3999 2126 4052 incendium
2132 4001 2358 4068 primum.
2381 3997 2609 4070 Syllanis

1589 4079 1932 4150 temporibus,
1949 4078 2089 4130 bello
2103 4077 2268 4143 civili,
2287 4089 2344 4130 ut
2359 4075 2610 4140 diximus,
