<?xml version="1.0" encoding="UTF-8"?>
<!DOCTYPE html PUBLIC "-//W3C//DTD XHTML 1.0 Transitional//EN"
    "http://www.w3.org/TR/xhtml1/DTD/xhtml1-transitional.dtd">
<html xmlns="http://www.w3.org/1999/xhtml" xml:lang="en" lang="en">
 <head>
  <title>
</title>
<meta http-equiv="Content-Type" content="text/html;charset=utf-8" />
  <meta name='ocr-system' content='tesseract 3.04.00' />
  <meta name='ocr-capabilities' content='ocr_page ocr_carea ocr_par ocr_line ocrx_word'/>
</head>
<body>
  <div class='ocr_page' id='page_1' title='image "./historinaturali00mgoog_0216.png"; bbox 0 0 2975 4684; ppageno 0'>
   <div class='ocr_carea' id='block_1_1' title="bbox 1092 335 1814 408">
    <p class='ocr_par' dir='ltr' id='par_1_1' title="bbox 1092 335 1814 408">
     <span class='ocr_line' id='line_1_1' title="bbox 1092 335 1814 408; baseline -0.008 0"><span class='ocrx_word' id='word_1_1' title='bbox 1092 335 1397 408; x_wconf 90' lang='lat' dir='ltr'><strong>LIBER</strong></span> <span class='ocrx_word' id='word_1_2' title='bbox 1445 336 1814 405; x_wconf 85' lang='lat' dir='ltr'><strong>XXXIV.</strong></span> 
     </span>
    </p>
   </div>
   <div class='ocr_carea' id='block_1_2' title="bbox 377 453 2576 1829">
    <p class='ocr_par' dir='ltr' id='par_1_2' title="bbox 377 453 2576 1829">
     <span class='ocr_line' id='line_1_2' title="bbox 384 453 2570 565; baseline 0.001 -25"><span class='ocrx_word' id='word_1_3' title='bbox 384 469 566 542; x_wconf 84' lang='lat' dir='ltr'><strong>cibus</strong></span> <span class='ocrx_word' id='word_1_4' title='bbox 596 469 879 552; x_wconf 73' lang='lat' dir='ltr'><strong>exsistit,</strong></span> <span class='ocrx_word' id='word_1_5' title='bbox 918 466 1241 562; x_wconf 83' lang='lat' dir='ltr'><strong>aliamque</strong></span> <span class='ocrx_word' id='word_1_6' title='bbox 1270 470 1553 539; x_wconf 86' lang='lat' dir='ltr'><strong>nominis</strong></span> <span class='ocrx_word' id='word_1_7' title='bbox 1586 471 1686 539; x_wconf 88' lang='lat' dir='ltr'><strong>sui</strong></span> <span class='ocrx_word' id='word_1_8' title='bbox 1715 453 2074 564; x_wconf 81' lang='lat' dir='ltr'><strong>originem-⁶</strong></span> <span class='ocrx_word' id='word_1_9' title='bbox 2109 469 2362 565; x_wconf 77' lang='lat' dir='ltr'><strong>recipit.</strong></span> <span class='ocrx_word' id='word_1_10' title='bbox 2401 475 2506 542; x_wconf 83' lang='lat' dir='ltr'><strong>Fit</strong></span> <span class='ocrx_word' id='word_1_11' title='bbox 2544 523 2570 554; x_wconf 76' lang='lat'>2</span> 
     </span>
     <span class='ocr_line' id='line_1_3' title="bbox 380 573 2506 670; baseline 0.001 -26"><span class='ocrx_word' id='word_1_12' title='bbox 380 590 603 650; x_wconf 76' lang='lat' dir='ltr'><strong>autem</strong></span> <span class='ocrx_word' id='word_1_13' title='bbox 644 573 897 670; x_wconf 80' lang='lat' dir='ltr'><strong>egesta⁷</strong></span> <span class='ocrx_word' id='word_1_14' title='bbox 948 575 1227 644; x_wconf 86' lang='lat' dir='ltr'><strong>flammis</strong></span> <span class='ocrx_word' id='word_1_15' title='bbox 1268 591 1465 670; x_wconf 81' lang='lat' dir='ltr'><strong>atque</strong></span> <span class='ocrx_word' id='word_1_16' title='bbox 1508 577 1669 644; x_wconf 82' lang='lat' dir='ltr'><strong>flatu</strong></span> <span class='ocrx_word' id='word_1_17' title='bbox 1711 577 2091 644; x_wconf 83' lang='lat' dir='ltr'><strong>tenuissima</strong></span> <span class='ocrx_word' id='word_1_18' title='bbox 2134 591 2324 668; x_wconf 87' lang='lat' dir='ltr'><strong>parte</strong></span> <span class='ocrx_word' id='word_1_19' title='bbox 2371 603 2506 647; x_wconf 85' lang='lat' dir='ltr'><strong>ma·-</strong></span> 
     </span>
     <span class='ocr_line' id='line_1_4' title="bbox 384 679 2506 776; baseline 0.001 -25"><span class='ocrx_word' id='word_1_20' title='bbox 384 683 595 767; x_wconf 81' lang='lat' dir='ltr'><strong>teriae‚</strong></span> <span class='ocrx_word' id='word_1_21' title='bbox 608 683 888 754; x_wconf 81' lang='lat' dir='ltr'><strong>cameris</strong></span> <span class='ocrx_word' id='word_1_22' title='bbox 908 679 1299 750; x_wconf 80' lang='lat' dir='ltr'><strong>lateribusve</strong></span> <span class='ocrx_word' id='word_1_23' title='bbox 1320 681 1666 750; x_wconf 80' lang='lat' dir='ltr'><strong>fornacum</strong></span> <span class='ocrx_word' id='word_1_24' title='bbox 1696 707 1817 776; x_wconf 85' lang='lat' dir='ltr'><strong>pro</strong></span> <span class='ocrx_word' id='word_1_25' title='bbox 1835 683 2195 774; x_wconf 82' lang='lat' dir='ltr'><strong>quantitate</strong></span> <span class='ocrx_word' id='word_1_26' title='bbox 2223 681 2506 754; x_wconf 81' lang='lat' dir='ltr'><strong>levitatis</strong></span> 
     </span>
     <span class='ocr_line' id='line_1_5' title="bbox 384 787 2506 882; baseline 0.001 -27"><span class='ocrx_word' id='word_1_27' title='bbox 384 787 727 881; x_wconf 80' lang='lat' dir='ltr'><strong>applicata.</strong></span> <span class='ocrx_word' id='word_1_28' title='bbox 755 788 1155 856; x_wconf 79' lang='lat' dir='ltr'><strong>Tenuissima</strong></span> <span class='ocrx_word' id='word_1_29' title='bbox 1190 791 1383 856; x_wconf 85' lang='lat' dir='ltr'><strong>estin</strong></span> <span class='ocrx_word' id='word_1_30' title='bbox 1423 789 1566 882; x_wconf 89' lang='lat' dir='ltr'><strong>ipso</strong></span> <span class='ocrx_word' id='word_1_31' title='bbox 1608 789 1950 856; x_wconf 86' lang='lat' dir='ltr'><strong>fornacum</strong></span> <span class='ocrx_word' id='word_1_32' title='bbox 1979 813 2122 874; x_wconf 88' lang='lat' dir='ltr'><strong>ore,</strong></span> <span class='ocrx_word' id='word_1_33' title='bbox 2155 813 2286 882; x_wconf 85' lang='lat' dir='ltr'><strong>qua</strong></span> <span class='ocrx_word' id='word_1_34' title='bbox 2321 789 2506 859; x_wconf 85' lang='lat' dir='ltr'><strong>flam-</strong></span> 
     </span>
     <span class='ocr_line' id='line_1_6' title="bbox 382 879 2500 990; baseline 0 -28"><span class='ocrx_word' id='word_1_35' title='bbox 382 919 505 964; x_wconf 76' lang='lat' dir='ltr'><strong>mae</strong></span> <span class='ocrx_word' id='word_1_36' title='bbox 545 907 951 978; x_wconf 64' lang='lat' dir='ltr'><strong>eructatum,</strong></span> <span class='ocrx_word' id='word_1_37' title='bbox 987 891 1309 987; x_wconf 81' lang='lat' dir='ltr'><strong>appellata</strong></span> <span class='ocrx_word' id='word_1_38' title='bbox 1344 879 1684 990; x_wconf 82' lang='lat' dir='ltr'><strong>capnitis⁸‚</strong></span> <span class='ocrx_word' id='word_1_39' title='bbox 1718 908 1978 978; x_wconf 83' lang='lat' dir='ltr'><strong>exusta,</strong></span> <span class='ocrx_word' id='word_1_40' title='bbox 2001 909 2068 962; x_wconf 89' lang='lat' dir='ltr'><strong>et</strong></span> <span class='ocrx_word' id='word_1_41' title='bbox 2105 895 2307 962; x_wconf 88' lang='lat' dir='ltr'><strong>nimia</strong></span> <span class='ocrx_word' id='word_1_42' title='bbox 2343 894 2500 964; x_wconf 86' lang='lat' dir='ltr'><strong>levi-</strong></span> 
     </span>
     <span class='ocr_line' id='line_1_7' title="bbox 383 997 2503 1095; baseline 0.002 -29"><span class='ocrx_word' id='word_1_43' title='bbox 383 1013 517 1068; x_wconf 83' lang='lat' dir='ltr'><strong>tate</strong></span> <span class='ocrx_word' id='word_1_44' title='bbox 546 998 771 1072; x_wconf 83' lang='lat' dir='ltr'><strong>similis</strong></span> <span class='ocrx_word' id='word_1_45' title='bbox 805 997 1059 1068; x_wconf 81' lang='lat' dir='ltr'><strong>favillae.</strong></span> <span class='ocrx_word' id='word_1_46' title='bbox 1096 999 1421 1068; x_wconf 74' lang='lat' dir='ltr'><strong>Interior-⁹</strong></span> <span class='ocrx_word' id='word_1_47' title='bbox 1456 1002 1743 1095; x_wconf 87' lang='lat' dir='ltr'><strong>optima,</strong></span> <span class='ocrx_word' id='word_1_48' title='bbox 1785 1001 2059 1067; x_wconf 87' lang='lat' dir='ltr'><strong>cameris</strong></span> <span class='ocrx_word' id='word_1_49' title='bbox 2095 1000 2503 1094; x_wconf 79' lang='lat' dir='ltr'><strong>dependenS,</strong></span> 
     </span>
     <span class='ocr_line' id='line_1_8' title="bbox 382 1104 2505 1234; baseline 0.002 -62"><span class='ocrx_word' id='word_1_50' title='bbox 382 1121 447 1172; x_wconf 91' lang='lat' dir='ltr'><strong>et</strong></span> <span class='ocrx_word' id='word_1_51' title='bbox 488 1104 575 1172; x_wconf 86' lang='lat' dir='ltr'><strong>ab</strong></span> <span class='ocrx_word' id='word_1_52' title='bbox 612 1130 695 1176; x_wconf 80' lang='lat' dir='ltr'><strong>eo</strong></span> <span class='ocrx_word' id='word_1_53' title='bbox 739 1119 1130 1198; x_wconf 84' lang='lat' dir='ltr'><strong>argumento</strong></span> <span class='ocrx_word' id='word_1_54' title='bbox 1168 1105 1467 1234; x_wconf 78' lang='lat' dir='ltr'><strong>botryitis</strong></span> <span class='ocrx_word' id='word_1_55' title='bbox 1510 1107 2029 1202; x_wconf 83' lang='lat' dir='ltr'><strong>cognominata:</strong></span> <span class='ocrx_word' id='word_1_56' title='bbox 2071 1106 2505 1197; x_wconf 85' lang='lat' dir='ltr'><strong>ponderosior</strong></span> 
     </span>
     <span class='ocr_line' id='line_1_9' title="bbox 381 1209 2501 1328; baseline 0 -46"><span class='ocrx_word' id='word_1_57' title='bbox 381 1209 521 1282; x_wconf 70' lang='lat' dir='ltr'><strong>haec</strong></span> <span class='ocrx_word' id='word_1_58' title='bbox 556 1213 807 1328; x_wconf 80' lang='lat' dir='ltr'><strong>priore,</strong></span> <span class='ocrx_word' id='word_1_59' title='bbox 848 1209 1057 1280; x_wconf 86' lang='lat' dir='ltr'><strong>levior</strong></span> <span class='ocrx_word' id='word_1_60' title='bbox 1092 1211 1336 1304; x_wconf 69' lang='lat' dir='ltr'><strong>pori-0¹</strong></span> <span class='ocrx_word' id='word_1_61' title='bbox 1345 1210 1798 1305; x_wconf 78' lang='lat' dir='ltr'><strong>‘’sequuturis.</strong></span> <span class='ocrx_word' id='word_1_62' title='bbox 1838 1211 1993 1277; x_wconf 90' lang='lat' dir='ltr'><strong>Duo</strong></span> <span class='ocrx_word' id='word_1_63' title='bbox 2024 1210 2163 1302; x_wconf 89' lang='lat' dir='ltr'><strong>ejus</strong></span> <span class='ocrx_word' id='word_1_64' title='bbox 2207 1211 2501 1282; x_wconf 89' lang='lat' dir='ltr'><strong>colores.</strong></span> 
     </span>
     <span class='ocr_line' id='line_1_10' title="bbox 381 1311 2502 1408; baseline 0.001 -24"><span class='ocrx_word' id='word_1_65' title='bbox 381 1313 667 1386; x_wconf 82' lang='lat' dir='ltr'><strong>deterior</strong></span> <span class='ocrx_word' id='word_1_66' title='bbox 706 1311 1039 1400; x_wconf 71' lang='lat' dir='ltr'><strong>cinerem,</strong></span> <span class='ocrx_word' id='word_1_67' title='bbox 1092 1318 1412 1408; x_wconf 86' lang='lat' dir='ltr'><strong>puniceus</strong></span> <span class='ocrx_word' id='word_1_68' title='bbox 1464 1317 1718 1404; x_wconf 82' lang='lat' dir='ltr'><strong>melior,</strong></span> <span class='ocrx_word' id='word_1_69' title='bbox 1774 1313 2088 1399; x_wconf 84' lang='lat' dir='ltr'><strong>friabilis,</strong></span> <span class='ocrx_word' id='word_1_70' title='bbox 2123 1315 2502 1386; x_wconf 83' lang='lat' dir='ltr'><strong>oculorum-</strong></span> 
     </span>
     <span class='ocr_line' id='line_1_11' title="bbox 379 1419 2576 1516; baseline 0.001 -27"><span class='ocrx_word' id='word_1_71' title='bbox 379 1421 549 1514; x_wconf 85' lang='lat' dir='ltr'><strong>que¹</strong></span> <span class='ocrx_word' id='word_1_72' title='bbox 560 1421 1099 1516; x_wconf 80' lang='lat' dir='ltr'><strong>&#39;medicamentis</strong></span> <span class='ocrx_word' id='word_1_73' title='bbox 1142 1419 1501 1488; x_wconf 85' lang='lat' dir='ltr'><strong>utilissima.</strong></span> <span class='ocrx_word' id='word_1_74' title='bbox 1527 1423 1748 1489; x_wconf 87' lang='lat' dir='ltr'><strong>Tertia</strong></span> <span class='ocrx_word' id='word_1_75' title='bbox 1786 1422 1986 1488; x_wconf 88' lang='lat' dir='ltr'><strong>estin</strong></span> <span class='ocrx_word' id='word_1_76' title='bbox 2021 1419 2333 1488; x_wconf 86' lang='lat' dir='ltr'><strong>lateribus</strong></span> <span class='ocrx_word' id='word_1_77' title='bbox 2376 1423 2504 1491; x_wconf 89' lang='lat' dir='ltr'><strong>for·</strong></span> <span class='ocrx_word' id='word_1_78' title='bbox 2545 1460 2576 1511; x_wconf 87' lang='lat'>3</span> 
     </span>
     <span class='ocr_line' id='line_1_12' title="bbox 380 1523 2507 1618; baseline -0 -21"><span class='ocrx_word' id='word_1_79' title='bbox 380 1551 659 1608; x_wconf 80' lang='lat' dir='ltr'><strong>uacum,</strong></span> <span class='ocrx_word' id='word_1_80' title='bbox 714 1551 863 1618; x_wconf 81' lang='lat' dir='ltr'><strong>quae</strong></span> <span class='ocrx_word' id='word_1_81' title='bbox 918 1539 1195 1616; x_wconf 81' lang='lat' dir='ltr'><strong>propter</strong></span> <span class='ocrx_word' id='word_1_82' title='bbox 1238 1525 1628 1618; x_wconf 83' lang='lat' dir='ltr'><strong>gravitatem</strong></span> <span class='ocrx_word' id='word_1_83' title='bbox 1679 1523 1765 1592; x_wconf 86' lang='lat' dir='ltr'><strong>ad</strong></span> <span class='ocrx_word' id='word_1_84' title='bbox 1811 1549 2104 1593; x_wconf 82' lang='lat' dir='ltr'><strong>cameras</strong></span> <span class='ocrx_word' id='word_1_85' title='bbox 2162 1531 2507 1618; x_wconf 85' lang='lat' dir='ltr'><strong>pervenire</strong></span> 
     </span>
     <span class='ocr_line' id='line_1_13' title="bbox 377 1627 2508 1725; baseline -0 -24"><span class='ocrx_word' id='word_1_86' title='bbox 377 1657 517 1702; x_wconf 82' lang='lat' dir='ltr'><strong>non</strong></span> <span class='ocrx_word' id='word_1_87' title='bbox 554 1631 791 1722; x_wconf 84' lang='lat' dir='ltr'><strong>potuit.</strong></span> <span class='ocrx_word' id='word_1_88' title='bbox 830 1632 989 1697; x_wconf 62' lang='lat' dir='ltr'><strong>Haec</strong></span> <span class='ocrx_word' id='word_1_89' title='bbox 1019 1627 1260 1696; x_wconf 82' lang='lat' dir='ltr'><strong>dicitur</strong></span> <span class='ocrx_word' id='word_1_90' title='bbox 1300 1628 1555 1722; x_wconf 83' lang='lat' dir='ltr'><strong>placitis</strong></span> <span class='ocrx_word' id='word_1_91' title='bbox 1585 1627 1656 1714; x_wconf 70' lang='lat'><strong>³²,</strong></span> <span class='ocrx_word' id='word_1_92' title='bbox 1692 1645 1758 1697; x_wconf 89' lang='lat' dir='ltr'><strong>et</strong></span> <span class='ocrx_word' id='word_1_93' title='bbox 1797 1631 1940 1725; x_wconf 84' lang='lat' dir='ltr'><strong>ipsa</strong></span> <span class='ocrx_word' id='word_1_94' title='bbox 1967 1629 2050 1698; x_wconf 85' lang='lat' dir='ltr'><strong>ab</strong></span> <span class='ocrx_word' id='word_1_95' title='bbox 2083 1646 2508 1724; x_wconf 83' lang='lat' dir='ltr'><strong>argumento,</strong></span> 
     </span>
     <span class='ocr_line' id='line_1_14' title="bbox 378 1721 2510 1829; baseline 0.001 -25"><span class='ocrx_word' id='word_1_96' title='bbox 378 1749 605 1804; x_wconf 81' lang='lat' dir='ltr'><strong>crusta</strong></span> <span class='ocrx_word' id='word_1_97' title='bbox 647 1734 904 1817; x_wconf 83' lang='lat' dir='ltr'><strong>verius,</strong></span> <span class='ocrx_word' id='word_1_98' title='bbox 942 1757 1137 1826; x_wconf 87' lang='lat' dir='ltr'><strong>quam</strong></span> <span class='ocrx_word' id='word_1_99' title='bbox 1172 1759 1414 1827; x_wconf 83' lang='lat' dir='ltr'><strong>pumex</strong></span> <span class='ocrx_word' id='word_1_100' title='bbox 1432 1721 1502 1821; x_wconf 82' lang='lat'><strong>¹³,</strong></span> <span class='ocrx_word' id='word_1_101' title='bbox 1539 1737 1714 1803; x_wconf 81' lang='lat' dir='ltr'><strong>intus</strong></span> <span class='ocrx_word' id='word_1_102' title='bbox 1750 1737 1959 1820; x_wconf 82' lang='lat' dir='ltr'><strong>varia,</strong></span> <span class='ocrx_word' id='word_1_103' title='bbox 2002 1735 2086 1803; x_wconf 84' lang='lat' dir='ltr'><strong>ad</strong></span> <span class='ocrx_word' id='word_1_104' title='bbox 2119 1761 2348 1829; x_wconf 86' lang='lat' dir='ltr'><strong>psoras</strong></span> <span class='ocrx_word' id='word_1_105' title='bbox 2385 1740 2510 1806; x_wconf 85' lang='lat' dir='ltr'><strong>uti-</strong></span> 
     </span>
    </p>
   </div>
   <div class='ocr_carea' id='block_1_3' title="bbox 2363 360 2499 435">
    <p class='ocr_par' dir='ltr' id='par_1_3' title="bbox 2363 360 2499 435">
     <span class='ocr_line' id='line_1_15' title="bbox 2363 360 2499 435; baseline 0 -27"><span class='ocrx_word' id='word_1_106' title='bbox 2363 360 2499 435; x_wconf 78' lang='lat'><strong>207</strong></span> 
     </span>
    </p>
   </div>
   <div class='ocr_carea' id='block_1_4' title="bbox 371 1899 1397 4026">
    <p class='ocr_par' dir='ltr' id='par_1_4' title="bbox 375 1899 1397 2032">
     <span class='ocr_line' id='line_1_16' title="bbox 375 1899 1397 1969; baseline -0.003 -16"><span class='ocrx_word' id='word_1_107' title='bbox 375 1899 593 1954; x_wconf 71' lang='lat' dir='ltr'><strong>tandem</strong></span> <span class='ocrx_word' id='word_1_108' title='bbox 644 1917 795 1952; x_wconf 77' lang='lat' dir='ltr'><strong>sensu</strong></span> <span class='ocrx_word' id='word_1_109' title='bbox 811 1938 827 1960; x_wconf 90' lang='lat'><em>‚</em></span> <span class='ocrx_word' id='word_1_110' title='bbox 874 1899 1009 1969; x_wconf 75' lang='lat' dir='ltr'><strong>lapis</strong></span> <span class='ocrx_word' id='word_1_111' title='bbox 1048 1899 1292 1951; x_wconf 80' lang='lat' dir='ltr'><strong>exsistere</strong></span> <span class='ocrx_word' id='word_1_112' title='bbox 1340 1900 1397 1950; x_wconf 88' lang='lat' dir='ltr'><strong>in</strong></span> 
     </span>
     <span class='ocr_line' id='line_1_17' title="bbox 376 1976 1139 2032; baseline -0.005 1"><span class='ocrx_word' id='word_1_113' title='bbox 376 1979 681 2032; x_wconf 72' lang='lat' dir='ltr'><strong>fornacibus</strong></span> <span class='ocrx_word' id='word_1_114' title='bbox 707 1976 935 2030; x_wconf 80' lang='lat' dir='ltr'><strong>dicitur?</strong></span> <span class='ocrx_word' id='word_1_115' title='bbox 958 1979 1139 2030; x_wconf 80' lang='lat' dir='ltr'><strong>Hum.</strong></span> 
     </span>
    </p>

    <p class='ocr_par' dir='ltr' id='par_1_5' title="bbox 376 2058 1397 2446">
     <span class='ocr_line' id='line_1_18' title="bbox 454 2058 1391 2132; baseline -0.006 -18"><span class='ocrx_word' id='word_1_116' title='bbox 454 2063 510 2114; x_wconf 85' lang='lat'><strong>6.</strong></span> <span class='ocrx_word' id='word_1_117' title='bbox 540 2059 801 2132; x_wconf 62' lang='lat' dir='ltr'><strong>Aliamque</strong></span> <span class='ocrx_word' id='word_1_118' title='bbox 821 2059 1023 2111; x_wconf 72' lang='lat' dir='ltr'><strong>nominis</strong></span> <span class='ocrx_word' id='word_1_119' title='bbox 1042 2061 1122 2107; x_wconf 71' lang='lat' dir='ltr'><strong>sue·</strong></span> <span class='ocrx_word' id='word_1_120' title='bbox 1143 2058 1391 2126; x_wconf 73' lang='lat' dir='ltr'><strong>originem.</strong></span> 
     </span>
     <span class='ocr_line' id='line_1_19' title="bbox 376 2136 1397 2206; baseline -0.002 -16"><span class='ocrx_word' id='word_1_121' title='bbox 376 2139 526 2190; x_wconf 86' lang='lat' dir='ltr'><strong>Tunc</strong></span> <span class='ocrx_word' id='word_1_122' title='bbox 551 2136 751 2191; x_wconf 81' lang='lat' dir='ltr'><strong>dicitur</strong></span> <span class='ocrx_word' id='word_1_123' title='bbox 790 2137 840 2188; x_wconf 81' lang='lat' dir='ltr'><strong>la</strong></span> <span class='ocrx_word' id='word_1_124' title='bbox 880 2137 1043 2188; x_wconf 76' lang='lat' dir='ltr'><strong>tutlu&#39;e.</strong></span> <span class='ocrx_word' id='word_1_125' title='bbox 1078 2136 1229 2188; x_wconf 88' lang='lat' dir='ltr'><strong>Illam</strong></span> <span class='ocrx_word' id='word_1_126' title='bbox 1269 2155 1397 2206; x_wconf 89' lang='lat' dir='ltr'><strong>quo-</strong></span> 
     </span>
     <span class='ocr_line' id='line_1_20' title="bbox 376 2215 1395 2288; baseline -0.003 -18"><span class='ocrx_word' id='word_1_127' title='bbox 376 2236 481 2288; x_wconf 83' lang='lat' dir='ltr'><strong>que</strong></span> <span class='ocrx_word' id='word_1_128' title='bbox 530 2234 871 2268; x_wconf 80' lang='lat' dir='ltr'><strong>numeramus</strong></span> <span class='ocrx_word' id='word_1_129' title='bbox 916 2217 1051 2267; x_wconf 82' lang='lat' dir='ltr'><strong>inter</strong></span> <span class='ocrx_word' id='word_1_130' title='bbox 1091 2215 1294 2285; x_wconf 85' lang='lat' dir='ltr'><strong>optima</strong></span> <span class='ocrx_word' id='word_1_131' title='bbox 1343 2229 1395 2267; x_wconf 93' lang='lat' dir='ltr'><strong>et</strong></span> 
     </span>
     <span class='ocr_line' id='line_1_21' title="bbox 376 2291 1397 2364; baseline -0.002 -16"><span class='ocrx_word' id='word_1_132' title='bbox 376 2297 638 2350; x_wconf 73' lang='lat' dir='ltr'><strong>leuissima</strong></span> <span class='ocrx_word' id='word_1_133' title='bbox 652 2293 1035 2347; x_wconf 87' lang='lat' dir='ltr'><strong>medicamenta</strong></span> <span class='ocrx_word' id='word_1_134' title='bbox 1048 2333 1064 2357; x_wconf 84' lang='lat'>,</span> <span class='ocrx_word' id='word_1_135' title='bbox 1082 2310 1201 2364; x_wconf 80' lang='lat' dir='ltr'><strong>quae</strong></span> <span class='ocrx_word' id='word_1_136' title='bbox 1225 2291 1397 2346; x_wconf 81' lang='lat' dir='ltr'><strong>deter-</strong></span> 
     </span>
     <span class='ocr_line' id='line_1_22' title="bbox 378 2373 1007 2446; baseline -0.01 -14"><span class='ocrx_word' id='word_1_137' title='bbox 378 2389 511 2446; x_wconf 73' lang='lat' dir='ltr'><strong>gunt</strong></span> <span class='ocrx_word' id='word_1_138' title='bbox 528 2387 585 2426; x_wconf 87' lang='lat' dir='ltr'><strong>et</strong></span> <span class='ocrx_word' id='word_1_139' title='bbox 606 2373 819 2426; x_wconf 79' lang='lat' dir='ltr'><strong>siccant.</strong></span> <span class='ocrx_word' id='word_1_140' title='bbox 838 2373 1007 2426; x_wconf 70' lang='grc' dir='ltr'><strong>Βιιοτ.</strong></span> 
     </span>
    </p>

    <p class='ocr_par' dir='ltr' id='par_1_6' title="bbox 371 2449 1396 3315">
     <span class='ocr_line' id='line_1_23' title="bbox 460 2449 1388 2523; baseline -0.002 -17"><span class='ocrx_word' id='word_1_141' title='bbox 460 2473 512 2523; x_wconf 89' lang='lat'><strong>7.</strong></span> <span class='ocrx_word' id='word_1_142' title='bbox 532 2454 583 2504; x_wconf 89' lang='lat' dir='ltr'><em>F</em></span> <span class='ocrx_word' id='word_1_143' title='bbox 578 2457 616 2504; x_wconf 76' lang='lat' dir='ltr'><strong>ie</strong></span> <span class='ocrx_word' id='word_1_144' title='bbox 632 2465 785 2504; x_wconf 81' lang='lat' dir='ltr'><strong>autem</strong></span> <span class='ocrx_word' id='word_1_145' title='bbox 798 2463 977 2522; x_wconf 77' lang='lat' dir='ltr'><strong>egesta.</strong></span> <span class='ocrx_word' id='word_1_146' title='bbox 1002 2453 1180 2503; x_wconf 83' lang='lat' dir='ltr'><strong>Diosc.</strong></span> <span class='ocrx_word' id='word_1_147' title='bbox 1198 2449 1269 2516; x_wconf 85' lang='lat' dir='ltr'><strong>V,</strong></span> <span class='ocrx_word' id='word_1_148' title='bbox 1295 2453 1388 2516; x_wconf 76' lang='grc'><strong>84,</strong></span> 
     </span>
     <span class='ocr_line' id='line_1_24' title="bbox 377 2526 1393 2588; baseline -0.003 -3"><span class='ocrx_word' id='word_1_149' title='bbox 377 2531 599 2586; x_wconf 83' lang='lat' dir='ltr'><strong>totidem</strong></span> <span class='ocrx_word' id='word_1_150' title='bbox 617 2531 780 2586; x_wconf 80' lang='lat' dir='ltr'><strong>ferme</strong></span> <span class='ocrx_word' id='word_1_151' title='bbox 800 2533 1004 2584; x_wconf 74' lang='lat' dir='ltr'><strong>verbis:</strong></span> <span class='ocrx_word' id='word_1_152' title='bbox 1022 2534 1262 2582; x_wconf 76' lang='grc' dir='ltr'><strong>Γιννᾶται</strong></span> <span class='ocrx_word' id='word_1_153' title='bbox 1284 2526 1344 2583; x_wconf 71' lang='grc' dir='ltr'><strong>δὲ</strong></span> <span class='ocrx_word' id='word_1_154' title='bbox 1360 2533 1393 2588; x_wconf 74' lang='grc' dir='ltr'>ἡ</span> 
     </span>
     <span class='ocr_line' id='line_1_25' title="bbox 378 2607 1393 2682; baseline 0 -20"><span class='ocrx_word' id='word_1_155' title='bbox 378 2607 595 2682; x_wconf 73' lang='grc' dir='ltr'><strong>καδμιία.</strong></span> <span class='ocrx_word' id='word_1_156' title='bbox 617 2613 671 2663; x_wconf 71' lang='grc' dir='ltr'><strong>ἐκ</strong></span> <span class='ocrx_word' id='word_1_157' title='bbox 692 2619 777 2664; x_wconf 83' lang='grc' dir='ltr'><strong>τοῦ</strong></span> <span class='ocrx_word' id='word_1_158' title='bbox 797 2615 980 2680; x_wconf 71' lang='grc' dir='ltr'>χαλκοῦ</span> <span class='ocrx_word' id='word_1_159' title='bbox 998 2612 1393 2681; x_wconf 71' lang='grc' dir='ltr'><strong>καμινιυομίνου,</strong></span> 
     </span>
     <span class='ocr_line' id='line_1_26' title="bbox 375 2690 1392 2761; baseline 0 -19"><span class='ocrx_word' id='word_1_160' title='bbox 375 2693 749 2761; x_wconf 74' lang='grc' dir='ltr'><strong>προσιζανοὺσης</strong></span> <span class='ocrx_word' id='word_1_161' title='bbox 770 2696 858 2749; x_wconf 75' lang='grc' dir='ltr'><strong>τῆς</strong></span> <span class='ocrx_word' id='word_1_162' title='bbox 882 2690 1069 2759; x_wconf 72' lang='grc' dir='ltr'><strong>λιγνύος</strong></span> <span class='ocrx_word' id='word_1_163' title='bbox 1093 2692 1193 2749; x_wconf 82' lang='grc' dir='ltr'><strong>τοῖς</strong></span> <span class='ocrx_word' id='word_1_164' title='bbox 1216 2691 1392 2757; x_wconf 74' lang='grc' dir='ltr'>τῡῖχοις</span> 
     </span>
     <span class='ocr_line' id='line_1_27' title="bbox 376 2768 1393 2839; baseline -0.001 -17"><span class='ocrx_word' id='word_1_165' title='bbox 376 2770 457 2822; x_wconf 76' lang='grc' dir='ltr'><strong>καὶ</strong></span> <span class='ocrx_word' id='word_1_166' title='bbox 478 2777 541 2839; x_wconf 83' lang='grc' dir='ltr'><strong>τῇ</strong></span> <span class='ocrx_word' id='word_1_167' title='bbox 568 2774 743 2839; x_wconf 72' lang='grc' dir='ltr'>κορυφῇ</span> <span class='ocrx_word' id='word_1_168' title='bbox 767 2776 863 2820; x_wconf 76' lang='grc' dir='ltr'><strong>τῶν</strong></span> <span class='ocrx_word' id='word_1_169' title='bbox 892 2771 1127 2834; x_wconf 76' lang='grc' dir='ltr'><strong>καμίνων.</strong></span> <span class='ocrx_word' id='word_1_170' title='bbox 1154 2793 1175 2816; x_wconf 80' lang='grc' dir='ltr'><strong>ιι</strong></span> <span class='ocrx_word' id='word_1_171' title='bbox 1206 2768 1393 2838; x_wconf 83' lang='lat' dir='ltr'><strong>Gigni-</strong></span> 
     </span>
     <span class='ocr_line' id='line_1_28' title="bbox 378 2847 1389 2917; baseline -0.003 -14"><span class='ocrx_word' id='word_1_172' title='bbox 378 2863 462 2902; x_wconf 84' lang='lat' dir='ltr'><strong>tur</strong></span> <span class='ocrx_word' id='word_1_173' title='bbox 480 2861 535 2902; x_wconf 84' lang='lat' dir='ltr'><strong>et</strong></span> <span class='ocrx_word' id='word_1_174' title='bbox 562 2847 767 2916; x_wconf 68' lang='lat' dir='ltr'><strong>cadmia</strong></span> <span class='ocrx_word' id='word_1_175' title='bbox 796 2867 824 2899; x_wconf 91' lang='lat' dir='ltr'><strong>e</strong></span> <span class='ocrx_word' id='word_1_176' title='bbox 847 2847 1067 2916; x_wconf 77' lang='lat' dir='ltr'><strong>fuligine</strong></span> <span class='ocrx_word' id='word_1_177' title='bbox 1082 2884 1098 2910; x_wconf 92' lang='lat'>‚</span> <span class='ocrx_word' id='word_1_178' title='bbox 1125 2865 1241 2917; x_wconf 81' lang='lat' dir='ltr'><strong>quae</strong></span> <span class='ocrx_word' id='word_1_179' title='bbox 1262 2847 1389 2900; x_wconf 88' lang='lat' dir='ltr'><strong>dum</strong></span> 
     </span>
     <span class='ocr_line' id='line_1_29' title="bbox 372 2925 1393 2997; baseline -0.003 -15"><span class='ocrx_word' id='word_1_180' title='bbox 372 2929 689 2997; x_wconf 78' lang='lat' dir='ltr'><strong>excoquitur</strong></span> <span class='ocrx_word' id='word_1_181' title='bbox 745 2943 842 2988; x_wconf 70' lang='grc' dir='ltr'><strong>ωε,</strong></span> <span class='ocrx_word' id='word_1_182' title='bbox 899 2937 1071 2994; x_wconf 80' lang='lat' dir='ltr'><strong>egesta</strong></span> <span class='ocrx_word' id='word_1_183' title='bbox 1138 2925 1393 2990; x_wconf 76' lang='lat' dir='ltr'><strong>flammis,</strong></span> 
     </span>
     <span class='ocr_line' id='line_1_30' title="bbox 372 3004 1396 3077; baseline -0.004 -16"><span class='ocrx_word' id='word_1_184' title='bbox 372 3009 636 3077; x_wconf 85' lang='lat' dir='ltr'><strong>flatuque,</strong></span> <span class='ocrx_word' id='word_1_185' title='bbox 656 3004 909 3056; x_wconf 78' lang='lat' dir='ltr'><strong>lateribus</strong></span> <span class='ocrx_word' id='word_1_186' title='bbox 938 3005 1261 3074; x_wconf 67' lang='lat' dir='ltr'><strong>comer-isque</strong></span> <span class='ocrx_word' id='word_1_187' title='bbox 1292 3007 1396 3057; x_wconf 83' lang='lat' dir='ltr'><strong>for·</strong></span> 
     </span>
     <span class='ocr_line' id='line_1_31' title="bbox 371 3080 1392 3154; baseline -0.005 -14"><span class='ocrx_word' id='word_1_188' title='bbox 371 3104 567 3140; x_wconf 85' lang='lat' dir='ltr'><strong>uacum</strong></span> <span class='ocrx_word' id='word_1_189' title='bbox 620 3083 932 3154; x_wconf 78' lang='lat' dir='ltr'><strong>applicatur.</strong></span> <span class='ocrx_word' id='word_1_190' title='bbox 976 3107 999 3129; x_wconf 74' lang='grc' dir='ltr'>ι</span> <span class='ocrx_word' id='word_1_191' title='bbox 1040 3080 1181 3136; x_wconf 84' lang='lat' dir='ltr'><strong>Vide</strong></span> <span class='ocrx_word' id='word_1_192' title='bbox 1236 3085 1392 3137; x_wconf 86' lang='lat' dir='ltr'><strong>etiam</strong></span> 
     </span>
     <span class='ocr_line' id='line_1_32' title="bbox 375 3161 1391 3233; baseline -0.003 -14"><span class='ocrx_word' id='word_1_193' title='bbox 375 3179 643 3219; x_wconf 79' lang='lat' dir='ltr'><strong>auctorem</strong></span> <span class='ocrx_word' id='word_1_194' title='bbox 661 3161 729 3216; x_wconf 89' lang='lat' dir='ltr'><strong>de</strong></span> <span class='ocrx_word' id='word_1_195' title='bbox 742 3161 927 3233; x_wconf 80' lang='lat' dir='ltr'><strong>simpl.</strong></span> <span class='ocrx_word' id='word_1_196' title='bbox 945 3161 1085 3215; x_wconf 88' lang='lat' dir='ltr'><strong>med.</strong></span> <span class='ocrx_word' id='word_1_197' title='bbox 1100 3161 1165 3214; x_wconf 82' lang='lat' dir='ltr'><strong>ad</strong></span> <span class='ocrx_word' id='word_1_198' title='bbox 1182 3163 1391 3217; x_wconf 82' lang='lat' dir='ltr'><strong>Patern.</strong></span> 
     </span>
     <span class='ocr_line' id='line_1_33' title="bbox 375 3243 1363 3315; baseline -0.002 -18"><span class='ocrx_word' id='word_1_199' title='bbox 375 3245 519 3315; x_wconf 83' lang='lat' dir='ltr'><strong>opp.</strong></span> <span class='ocrx_word' id='word_1_200' title='bbox 544 3244 664 3296; x_wconf 83' lang='lat' dir='ltr'><strong>Gal.</strong></span> <span class='ocrx_word' id='word_1_201' title='bbox 688 3255 820 3295; x_wconf 86' lang='lat' dir='ltr'><strong>tom.</strong></span> <span class='ocrx_word' id='word_1_202' title='bbox 847 3243 1011 3306; x_wconf 85' lang='lat' dir='ltr'><strong>XIII,</strong></span> <span class='ocrx_word' id='word_1_203' title='bbox 1042 3261 1101 3312; x_wconf 84' lang='lat' dir='ltr'><strong>p.</strong></span> <span class='ocrx_word' id='word_1_204' title='bbox 1126 3245 1261 3312; x_wconf 85' lang='lat'><strong>987.</strong></span> <span class='ocrx_word' id='word_1_205' title='bbox 1296 3244 1363 3295; x_wconf 79' lang='lat' dir='ltr'><strong>H.</strong></span> 
     </span>
    </p>

    <p class='ocr_par' dir='ltr' id='par_1_7' title="bbox 374 3323 1387 3457">
     <span class='ocr_line' id='line_1_34' title="bbox 454 3323 1387 3393; baseline -0.002 -17"><span class='ocrx_word' id='word_1_206' title='bbox 454 3326 503 3376; x_wconf 88' lang='grc'><strong>8.</strong></span> <span class='ocrx_word' id='word_1_207' title='bbox 550 3323 819 3393; x_wconf 80' lang='lat' dir='ltr'><strong>Appellata</strong></span> <span class='ocrx_word' id='word_1_208' title='bbox 853 3325 1074 3392; x_wconf 75' lang='lat' dir='ltr'><strong>capnitis.</strong></span> <span class='ocrx_word' id='word_1_209' title='bbox 1114 3324 1387 3384; x_wconf 71' lang='grc' dir='ltr'><strong>Καπνίτις,</strong></span> 
     </span>
     <span class='ocr_line' id='line_1_35' title="bbox 374 3401 801 3457; baseline -0.005 -2"><span class='ocrx_word' id='word_1_210' title='bbox 374 3405 589 3457; x_wconf 75' lang='lat' dir='ltr'><strong>fumosa.</strong></span> <span class='ocrx_word' id='word_1_211' title='bbox 626 3401 801 3454; x_wconf 73' lang='lat' dir='ltr'><strong>Hum.</strong></span> 
     </span>
    </p>

    <p class='ocr_par' dir='ltr' id='par_1_8' title="bbox 373 3479 1391 4026">
     <span class='ocr_line' id='line_1_36' title="bbox 454 3479 1391 3552; baseline 0.001 -17"><span class='ocrx_word' id='word_1_212' title='bbox 454 3504 503 3552; x_wconf 87' lang='lat'><strong>9.</strong></span> <span class='ocrx_word' id='word_1_213' title='bbox 550 3483 777 3534; x_wconf 71' lang='lat' dir='ltr'><strong>Interior.</strong></span> <span class='ocrx_word' id='word_1_214' title='bbox 806 3479 1103 3533; x_wconf 74' lang='lat' dir='ltr'><strong>Dioscorid.</strong></span> <span class='ocrx_word' id='word_1_215' title='bbox 1148 3481 1255 3534; x_wconf 88' lang='lat' dir='ltr'><strong>loc.</strong></span> <span class='ocrx_word' id='word_1_216' title='bbox 1280 3479 1391 3536; x_wconf 74' lang='lat' dir='ltr'><strong>&#39;cit-</strong></span> 
     </span>
     <span class='ocr_line' id='line_1_37' title="bbox 373 3559 1390 3633; baseline -0.003 -18"><span class='ocrx_word' id='word_1_217' title='bbox 373 3559 632 3633; x_wconf 66' lang='grc' dir='ltr'><strong>Καδμείας</strong></span> <span class='ocrx_word' id='word_1_218' title='bbox 666 3562 807 3632; x_wconf 61' lang='lat' dir='ltr'><strong>&amp;pig-n</strong></span> <span class='ocrx_word' id='word_1_219' title='bbox 842 3561 929 3629; x_wconf 73' lang='grc' dir='ltr'><strong>μὲν</strong></span> <span class='ocrx_word' id='word_1_220' title='bbox 962 3561 1058 3619; x_wconf 73' lang='grc' dir='ltr'><strong>ἔςιν</strong></span> <span class='ocrx_word' id='word_1_221' title='bbox 1090 3561 1121 3615; x_wconf 71' lang='grc' dir='ltr'><strong>ἡ</strong></span> <span class='ocrx_word' id='word_1_222' title='bbox 1160 3561 1390 3630; x_wconf 74' lang='grc' dir='ltr'>Κυπρία,</span> 
     </span>
     <span class='ocr_line' id='line_1_38' title="bbox 374 3636 1391 3711; baseline -0.006 -16"><span class='ocrx_word' id='word_1_223' title='bbox 374 3645 637 3711; x_wconf 65' lang='grc' dir='ltr'><strong>καλουμένη</strong></span> <span class='ocrx_word' id='word_1_224' title='bbox 665 3636 727 3692; x_wconf 71' lang='grc' dir='ltr'><strong>δὲ</strong></span> <span class='ocrx_word' id='word_1_225' title='bbox 753 3639 1031 3708; x_wconf 60' lang='lat' dir='ltr'><strong>Boi-puina,</strong></span> <span class='ocrx_word' id='word_1_226' title='bbox 1055 3639 1158 3691; x_wconf 86' lang='lat' dir='ltr'><strong>hoc</strong></span> <span class='ocrx_word' id='word_1_227' title='bbox 1180 3651 1257 3693; x_wconf 74' lang='lat' dir='ltr'><strong>est</strong></span> <span class='ocrx_word' id='word_1_228' title='bbox 1275 3678 1289 3700; x_wconf 85' lang='lat'>,</span> <span class='ocrx_word' id='word_1_229' title='bbox 1311 3658 1391 3690; x_wconf 81' lang='lat' dir='ltr'><strong>ra-</strong></span> 
     </span>
     <span class='ocr_line' id='line_1_39' title="bbox 375 3717 1391 3774; baseline -0.002 -2"><span class='ocrx_word' id='word_1_230' title='bbox 375 3739 594 3774; x_wconf 73' lang='lat' dir='ltr'><strong>cemma.</strong></span> <span class='ocrx_word' id='word_1_231' title='bbox 618 3721 681 3772; x_wconf 90' lang='lat' dir='ltr'><strong>In</strong></span> <span class='ocrx_word' id='word_1_232' title='bbox 707 3719 935 3771; x_wconf 80' lang='lat' dir='ltr'><strong>officinis</strong></span> <span class='ocrx_word' id='word_1_233' title='bbox 972 3717 1140 3770; x_wconf 85' lang='lat' dir='ltr'><strong>tuthia</strong></span> <span class='ocrx_word' id='word_1_234' title='bbox 1164 3719 1391 3770; x_wconf 76' lang='lat' dir='ltr'><strong>Alexan-</strong></span> 
     </span>
     <span class='ocr_line' id='line_1_40' title="bbox 374 3795 1387 3868; baseline -0.002 -18"><span class='ocrx_word' id='word_1_235' title='bbox 374 3797 523 3852; x_wconf 78' lang='lat' dir='ltr'><strong>drina</strong></span> <span class='ocrx_word' id='word_1_236' title='bbox 548 3799 766 3864; x_wconf 84' lang='lat' dir='ltr'><strong>dicitur,</strong></span> <span class='ocrx_word' id='word_1_237' title='bbox 789 3795 1041 3868; x_wconf 82' lang='lat' dir='ltr'><strong>quoniam</strong></span> <span class='ocrx_word' id='word_1_238' title='bbox 1071 3815 1131 3848; x_wconf 89' lang='lat' dir='ltr'><strong>ex</strong></span> <span class='ocrx_word' id='word_1_239' title='bbox 1155 3799 1387 3868; x_wconf 82' lang='lat' dir='ltr'><strong>AEgypto</strong></span> 
     </span>
     <span class='ocr_line' id='line_1_41' title="bbox 377 3877 1387 3950; baseline -0.002 -19"><span class='ocrx_word' id='word_1_240' title='bbox 377 3879 627 3950; x_wconf 73' lang='lat' dir='ltr'><strong>Syriaque</strong></span> <span class='ocrx_word' id='word_1_241' title='bbox 668 3877 951 3932; x_wconf 75' lang='lat' dir='ltr'><strong>advehitur</strong></span> <span class='ocrx_word' id='word_1_242' title='bbox 988 3894 1002 3928; x_wconf 92' lang='lat'><strong>:</strong></span> <span class='ocrx_word' id='word_1_243' title='bbox 1041 3894 1066 3926; x_wconf 88' lang='lat' dir='ltr'><strong>a</strong></span> <span class='ocrx_word' id='word_1_244' title='bbox 1108 3877 1277 3928; x_wconf 83' lang='lat' dir='ltr'><strong>tuthia</strong></span> <span class='ocrx_word' id='word_1_245' title='bbox 1311 3891 1387 3929; x_wconf 83' lang='lat' dir='ltr'><strong>ta·</strong></span> 
     </span>
     <span class='ocr_line' id='line_1_42' title="bbox 378 3954 1383 4026; baseline 0.003 -19"><span class='ocrx_word' id='word_1_246' title='bbox 378 3973 493 4008; x_wconf 85' lang='lat' dir='ltr'><strong>men</strong></span> <span class='ocrx_word' id='word_1_247' title='bbox 556 3957 793 4012; x_wconf 75' lang='lat' dir='ltr'><strong>Arabum</strong></span> <span class='ocrx_word' id='word_1_248' title='bbox 848 3954 1069 4008; x_wconf 71' lang='lat' dir='ltr'><strong>diversa.</strong></span> <span class='ocrx_word' id='word_1_249' title='bbox 1127 3957 1383 4026; x_wconf 80' lang='lat' dir='ltr'><strong>Canepar.</strong></span> 
     </span>
    </p>
   </div>
   <div class='ocr_carea' id='block_1_5' title="bbox 1475 1901 2506 4027">
    <p class='ocr_par' dir='ltr' id='par_1_9' title="bbox 1486 1901 2502 1972">
     <span class='ocr_line' id='line_1_43' title="bbox 1486 1901 2502 1972; baseline 0.006 -20"><span class='ocrx_word' id='word_1_250' title='bbox 1486 1902 1748 1971; x_wconf 80' lang='lat' dir='ltr'><strong>Descript.</strong></span> <span class='ocrx_word' id='word_1_251' title='bbox 1770 1901 1821 1968; x_wconf 85' lang='lat'><strong>1,</strong></span> <span class='ocrx_word' id='word_1_252' title='bbox 1845 1919 1960 1968; x_wconf 84' lang='lat' dir='ltr'><strong>cap.</strong></span> <span class='ocrx_word' id='word_1_253' title='bbox 1991 1903 2020 1954; x_wconf 84' lang='lat'><strong>3</strong></span> <span class='ocrx_word' id='word_1_254' title='bbox 2037 1939 2052 1964; x_wconf 89' lang='lat'>‚</span> <span class='ocrx_word' id='word_1_255' title='bbox 2079 1919 2196 1972; x_wconf 81' lang='lat' dir='ltr'><strong>pag.</strong></span> <span class='ocrx_word' id='word_1_256' title='bbox 2219 1922 2301 1955; x_wconf 87' lang='lat'><strong>10.</strong></span> <span class='ocrx_word' id='word_1_257' title='bbox 2322 1903 2502 1958; x_wconf 64' lang='lat' dir='ltr'><strong>Hau).</strong></span> 
     </span>
    </p>

    <p class='ocr_par' dir='ltr' id='par_1_10' title="bbox 1482 1981 2506 2208">
     <span class='ocr_line' id='line_1_44' title="bbox 1571 1981 2506 2050; baseline 0.004 -18"><span class='ocrx_word' id='word_1_258' title='bbox 1571 1999 1653 2032; x_wconf 77' lang='grc' dir='ltr'><strong>ιο.</strong></span> <span class='ocrx_word' id='word_1_259' title='bbox 1682 1981 1858 2031; x_wconf 76' lang='lat' dir='ltr'><strong>Levior</strong></span> <span class='ocrx_word' id='word_1_260' title='bbox 1867 1999 2032 2050; x_wconf 78' lang='lat' dir='ltr'><strong>porro.</strong></span> <span class='ocrx_word' id='word_1_261' title='bbox 2061 1981 2388 2035; x_wconf 70' lang='lat' dir='ltr'><strong>Postremum</strong></span> <span class='ocrx_word' id='word_1_262' title='bbox 2412 2003 2506 2036; x_wconf 81' lang='lat' dir='ltr'><strong>vo-</strong></span> 
     </span>
     <span class='ocr_line' id='line_1_45' title="bbox 1483 2059 2502 2131; baseline 0.008 -22"><span class='ocrx_word' id='word_1_263' title='bbox 1483 2075 1597 2110; x_wconf 89' lang='lat' dir='ltr'><strong>cem</strong></span> <span class='ocrx_word' id='word_1_264' title='bbox 1635 2059 1783 2112; x_wconf 85' lang='lat' dir='ltr'><strong>Brot.</strong></span> <span class='ocrx_word' id='word_1_265' title='bbox 1823 2077 1886 2110; x_wconf 81' lang='lat' dir='ltr'><strong>ex</strong></span> <span class='ocrx_word' id='word_1_266' title='bbox 1915 2059 2066 2112; x_wconf 86' lang='lat' dir='ltr'><strong>MSS.</strong></span> <span class='ocrx_word' id='word_1_267' title='bbox 2100 2061 2263 2131; x_wconf 78' lang='lat' dir='ltr'><strong>Regg.</strong></span> <span class='ocrx_word' id='word_1_268' title='bbox 2296 2076 2348 2115; x_wconf 85' lang='lat' dir='ltr'><strong>et</strong></span> <span class='ocrx_word' id='word_1_269' title='bbox 2373 2063 2502 2117; x_wconf 79' lang='lat' dir='ltr'><strong>edit.</strong></span> 
     </span>
     <span class='ocr_line' id='line_1_46' title="bbox 1482 2135 1976 2208; baseline 0.004 -20"><span class='ocrx_word' id='word_1_270' title='bbox 1482 2137 1655 2208; x_wconf 83' lang='lat' dir='ltr'><strong>princ.</strong></span> <span class='ocrx_word' id='word_1_271' title='bbox 1685 2135 1845 2190; x_wconf 84' lang='lat' dir='ltr'><strong>delet.</strong></span> <span class='ocrx_word' id='word_1_272' title='bbox 1871 2139 1976 2190; x_wconf 86' lang='lat' dir='ltr'><strong>En.</strong></span> 
     </span>
    </p>

    <p class='ocr_par' dir='ltr' id='par_1_11' title="bbox 1480 2217 2500 2349">
     <span class='ocr_line' id='line_1_47' title="bbox 1569 2217 2500 2288; baseline 0.004 -21"><span class='ocrx_word' id='word_1_273' title='bbox 1569 2235 1590 2267; x_wconf 86' lang='lat'>1</span> <span class='ocrx_word' id='word_1_274' title='bbox 1608 2234 1655 2268; x_wconf 90' lang='lat'><strong>1.</strong></span> <span class='ocrx_word' id='word_1_275' title='bbox 1679 2217 2051 2288; x_wconf 75' lang='lat' dir='ltr'><strong>oculorumque.</strong></span> <span class='ocrx_word' id='word_1_276' title='bbox 2074 2219 2258 2269; x_wconf 77' lang='lat' dir='ltr'><strong>Diosc.</strong></span> <span class='ocrx_word' id='word_1_277' title='bbox 2283 2219 2383 2271; x_wconf 81' lang='lat' dir='ltr'><strong>loo.</strong></span> <span class='ocrx_word' id='word_1_278' title='bbox 2413 2223 2500 2273; x_wconf 84' lang='lat' dir='ltr'><strong>cit.</strong></span> 
     </span>
     <span class='ocr_line' id='line_1_48' title="bbox 1480 2295 2161 2349; baseline 0.004 -3"><span class='ocrx_word' id='word_1_279' title='bbox 1480 2307 1534 2348; x_wconf 85' lang='lat' dir='ltr'><strong>et</strong></span> <span class='ocrx_word' id='word_1_280' title='bbox 1555 2295 1763 2347; x_wconf 80' lang='lat' dir='ltr'><strong>Oribas.</strong></span> <span class='ocrx_word' id='word_1_281' title='bbox 1789 2295 1942 2348; x_wconf 84' lang='lat' dir='ltr'><strong>XIII.</strong></span> <span class='ocrx_word' id='word_1_282' title='bbox 1975 2297 2161 2349; x_wconf 73' lang='grc' dir='ltr'><strong>ΗΑιιι).</strong></span> 
     </span>
    </p>

    <p class='ocr_par' dir='ltr' id='par_1_12' title="bbox 1478 2373 2500 3547">
     <span class='ocr_line' id='line_1_49' title="bbox 1566 2373 2500 2444; baseline 0.005 -18"><span class='ocrx_word' id='word_1_283' title='bbox 1566 2393 1590 2426; x_wconf 86' lang='lat'>1</span> <span class='ocrx_word' id='word_1_284' title='bbox 1606 2393 1632 2425; x_wconf 75' lang='lat'><em>2</em></span> <span class='ocrx_word' id='word_1_285' title='bbox 1645 2413 1656 2425; x_wconf 95' lang='lat'><strong>.</strong></span> <span class='ocrx_word' id='word_1_286' title='bbox 1681 2373 1903 2439; x_wconf 57' lang='lat' dir='ltr'><strong>Pho-teis,</strong></span> <span class='ocrx_word' id='word_1_287' title='bbox 1927 2387 1978 2426; x_wconf 81' lang='lat' dir='ltr'><strong>et</strong></span> <span class='ocrx_word' id='word_1_288' title='bbox 1995 2380 2100 2444; x_wconf 82' lang='lat' dir='ltr'><strong>ipsa</strong></span> <span class='ocrx_word' id='word_1_289' title='bbox 2119 2376 2182 2426; x_wconf 83' lang='lat' dir='ltr'><strong>ab</strong></span> <span class='ocrx_word' id='word_1_290' title='bbox 2199 2389 2500 2444; x_wconf 76' lang='lat' dir='ltr'><strong>argumento.</strong></span> 
     </span>
     <span class='ocr_line' id='line_1_50' title="bbox 1486 2453 2500 2525; baseline 0.009 -25"><span class='ocrx_word' id='word_1_291' title='bbox 1486 2479 1509 2500; x_wconf 66' lang='grc' dir='ltr'><strong><em>α</em></strong></span> <span class='ocrx_word' id='word_1_292' title='bbox 1539 2453 1774 2506; x_wconf 72' lang='lat' dir='ltr'><strong>placitis:</strong></span> <span class='ocrx_word' id='word_1_293' title='bbox 1807 2467 1859 2506; x_wconf 87' lang='lat' dir='ltr'><strong>et</strong></span> <span class='ocrx_word' id='word_1_294' title='bbox 1889 2455 1944 2505; x_wconf 90' lang='lat' dir='ltr'><strong>in</strong></span> <span class='ocrx_word' id='word_1_295' title='bbox 1967 2455 2078 2523; x_wconf 77' lang='lat' dir='ltr'><strong>ipsa</strong></span> <span class='ocrx_word' id='word_1_296' title='bbox 2106 2468 2500 2525; x_wconf 79' lang='lat' dir='ltr'><strong>argumentum.</strong></span> 
     </span>
     <span class='ocr_line' id='line_1_51' title="bbox 1479 2532 2500 2606; baseline 0.006 -24"><span class='ocrx_word' id='word_1_297' title='bbox 1479 2532 1733 2585; x_wconf 74' lang='lat' dir='ltr'><strong>Planities</strong></span> <span class='ocrx_word' id='word_1_298' title='bbox 1774 2546 1947 2584; x_wconf 78' lang='lat' dir='ltr'><strong>crusta</strong></span> <span class='ocrx_word' id='word_1_299' title='bbox 1989 2534 2164 2585; x_wconf 73' lang='lat' dir='ltr'><strong>verius</strong></span> <span class='ocrx_word' id='word_1_300' title='bbox 2199 2535 2500 2606; x_wconf 80' lang='lat' dir='ltr'><strong>squamium</strong></span> 
     </span>
     <span class='ocr_line' id='line_1_52' title="bbox 1479 2610 2490 2666; baseline 0.001 -5"><span class='ocrx_word' id='word_1_301' title='bbox 1479 2611 1621 2663; x_wconf 83' lang='lat' dir='ltr'><strong>intus</strong></span> <span class='ocrx_word' id='word_1_302' title='bbox 1651 2611 1795 2663; x_wconf 80' lang='lat' dir='ltr'><strong>varia</strong></span> <span class='ocrx_word' id='word_1_303' title='bbox 1830 2610 1894 2663; x_wconf 88' lang='lat' dir='ltr'><strong>ad</strong></span> <span class='ocrx_word' id='word_1_304' title='bbox 1927 2611 2194 2664; x_wconf 82' lang='lat' dir='ltr'><strong>luxuriam</strong></span> <span class='ocrx_word' id='word_1_305' title='bbox 2229 2614 2428 2666; x_wconf 86' lang='lat' dir='ltr'><strong>utilior.</strong></span> <span class='ocrx_word' id='word_1_306' title='bbox 2469 2643 2490 2662; x_wconf 64' lang='grc' dir='ltr'><strong>ι.</strong></span> 
     </span>
     <span class='ocr_line' id='line_1_53' title="bbox 1478 2689 2500 2760; baseline 0.008 -20"><span class='ocrx_word' id='word_1_307' title='bbox 1478 2689 1636 2741; x_wconf 88' lang='lat' dir='ltr'><strong>MSS.</strong></span> <span class='ocrx_word' id='word_1_308' title='bbox 1653 2690 1898 2742; x_wconf 72' lang='lat' dir='ltr'><strong>vitiosum</strong></span> <span class='ocrx_word' id='word_1_309' title='bbox 1916 2711 1930 2753; x_wconf 90' lang='lat'>;</span> <span class='ocrx_word' id='word_1_310' title='bbox 1954 2709 1984 2742; x_wconf 87' lang='lat' dir='ltr'><strong>e</strong></span> <span class='ocrx_word' id='word_1_311' title='bbox 2001 2691 2199 2760; x_wconf 81' lang='lat' dir='ltr'><strong>quihus</strong></span> <span class='ocrx_word' id='word_1_312' title='bbox 2219 2694 2500 2748; x_wconf 87' lang='lat' dir='ltr'><strong>commoda</strong></span> 
     </span>
     <span class='ocr_line' id='line_1_54' title="bbox 1478 2769 2496 2842; baseline 0.005 -21"><span class='ocrx_word' id='word_1_313' title='bbox 1478 2781 1656 2822; x_wconf 84' lang='lat' dir='ltr'><strong>tamen</strong></span> <span class='ocrx_word' id='word_1_314' title='bbox 1709 2769 1823 2822; x_wconf 75' lang='lat' dir='ltr'><strong>haec</strong></span> <span class='ocrx_word' id='word_1_315' title='bbox 1869 2769 2029 2823; x_wconf 82' lang='lat' dir='ltr'><strong>lectio</strong></span> <span class='ocrx_word' id='word_1_316' title='bbox 2085 2769 2210 2824; x_wconf 83' lang='lat' dir='ltr'><strong>duci</strong></span> <span class='ocrx_word' id='word_1_317' title='bbox 2266 2785 2438 2842; x_wconf 80' lang='lat' dir='ltr'><strong>potest</strong></span> <span class='ocrx_word' id='word_1_318' title='bbox 2481 2793 2496 2826; x_wconf 92' lang='lat'>:</span> 
     </span>
     <span class='ocr_line' id='line_1_55' title="bbox 1485 2848 2496 2921; baseline 0.01 -26"><span class='ocrx_word' id='word_1_319' title='bbox 1485 2874 1508 2895; x_wconf 61' lang='grc' dir='ltr'>ι</span> <span class='ocrx_word' id='word_1_320' title='bbox 1545 2848 1790 2914; x_wconf 73' lang='lat' dir='ltr'><strong>placitis,</strong></span> <span class='ocrx_word' id='word_1_321' title='bbox 1826 2861 1880 2900; x_wconf 86' lang='lat' dir='ltr'><strong>et</strong></span> <span class='ocrx_word' id='word_1_322' title='bbox 1921 2849 2033 2918; x_wconf 77' lang='lat' dir='ltr'><strong>ipsa</strong></span> <span class='ocrx_word' id='word_1_323' title='bbox 2066 2851 2133 2902; x_wconf 85' lang='lat' dir='ltr'><strong>ab</strong></span> <span class='ocrx_word' id='word_1_324' title='bbox 2166 2865 2496 2921; x_wconf 85' lang='lat' dir='ltr'><strong>argumento.</strong></span> 
     </span>
     <span class='ocr_line' id='line_1_56' title="bbox 1478 2928 2495 3000; baseline 0.004 -20"><span class='ocrx_word' id='word_1_325' title='bbox 1478 2928 1640 2980; x_wconf 83' lang='lat' dir='ltr'><strong>Plana</strong></span> <span class='ocrx_word' id='word_1_326' title='bbox 1669 2929 1810 2980; x_wconf 88' lang='lat' dir='ltr'><strong>enim</strong></span> <span class='ocrx_word' id='word_1_327' title='bbox 1839 2939 2013 2980; x_wconf 80' lang='lat' dir='ltr'><strong>crusta</strong></span> <span class='ocrx_word' id='word_1_328' title='bbox 2038 2941 2116 2981; x_wconf 72' lang='lat' dir='ltr'><strong>est</strong></span> <span class='ocrx_word' id='word_1_329' title='bbox 2140 2931 2314 2983; x_wconf 77' lang='lat' dir='ltr'><strong>verius</strong></span> <span class='ocrx_word' id='word_1_330' title='bbox 2339 2949 2495 3000; x_wconf 81' lang='lat' dir='ltr'><strong>quam</strong></span> 
     </span>
     <span class='ocr_line' id='line_1_57' title="bbox 1478 3007 2496 3077; baseline 0.005 -17"><span class='ocrx_word' id='word_1_331' title='bbox 1478 3025 1728 3077; x_wconf 79' lang='lat' dir='ltr'><strong>squama,</strong></span> <span class='ocrx_word' id='word_1_332' title='bbox 1766 3008 1907 3060; x_wconf 82' lang='lat' dir='ltr'><strong>intus</strong></span> <span class='ocrx_word' id='word_1_333' title='bbox 1945 3008 2111 3073; x_wconf 79' lang='lat' dir='ltr'><strong>varia,</strong></span> <span class='ocrx_word' id='word_1_334' title='bbox 2163 3007 2230 3060; x_wconf 86' lang='lat' dir='ltr'><strong>ad</strong></span> <span class='ocrx_word' id='word_1_335' title='bbox 2281 3011 2496 3065; x_wconf 79' lang='lat' dir='ltr'><strong>hulcera</strong></span> 
     </span>
     <span class='ocr_line' id='line_1_58' title="bbox 1478 3087 2493 3159; baseline 0.005 -21"><span class='ocrx_word' id='word_1_336' title='bbox 1478 3087 1680 3138; x_wconf 83' lang='lat' dir='ltr'><strong>utilior.</strong></span> <span class='ocrx_word' id='word_1_337' title='bbox 1705 3088 1875 3139; x_wconf 60' lang='lat' dir='ltr'><strong>»Dm</strong></span> <span class='ocrx_word' id='word_1_338' title='bbox 1881 3087 2086 3138; x_wconf 81' lang='lat' dir='ltr'><em>-Hoec</em></span> <span class='ocrx_word' id='word_1_339' title='bbox 2094 3089 2272 3140; x_wconf 69' lang='lat' dir='ltr'><strong>dicitur·</strong></span> <span class='ocrx_word' id='word_1_340' title='bbox 2263 3089 2493 3159; x_wconf 74' lang='lat' dir='ltr'><strong>·plac1&#39;eis.</strong></span> 
     </span>
     <span class='ocr_line' id='line_1_59' title="bbox 1480 3156 2498 3234; baseline 0.007 -18"><span class='ocrx_word' id='word_1_341' title='bbox 1480 3166 1657 3218; x_wconf 82' lang='lat' dir='ltr'><strong>Diose.</strong></span> <span class='ocrx_word' id='word_1_342' title='bbox 1683 3167 1782 3218; x_wconf 85' lang='lat' dir='ltr'><strong>loe.</strong></span> <span class='ocrx_word' id='word_1_343' title='bbox 1812 3167 1898 3218; x_wconf 86' lang='lat' dir='ltr'><strong>cit.</strong></span> <span class='ocrx_word' id='word_1_344' title='bbox 1921 3156 2012 3225; x_wconf 62' lang='lat' dir='ltr'><strong>Etr:</strong></span> <span class='ocrx_word' id='word_1_345' title='bbox 2033 3162 2094 3218; x_wconf 68' lang='grc' dir='ltr'><strong>δὲ</strong></span> <span class='ocrx_word' id='word_1_346' title='bbox 2117 3169 2201 3221; x_wconf 76' lang='grc' dir='ltr'><strong>καὶ</strong></span> <span class='ocrx_word' id='word_1_347' title='bbox 2225 3177 2294 3220; x_wconf 78' lang='grc' dir='ltr'><strong>π).</strong></span> <span class='ocrx_word' id='word_1_348' title='bbox 2296 3167 2498 3234; x_wconf 52' lang='lat' dir='ltr'><strong>amasam:</strong></span> 
     </span>
     <span class='ocr_line' id='line_1_60' title="bbox 1480 3245 2496 3315; baseline 0.008 -20"><span class='ocrx_word' id='word_1_349' title='bbox 1480 3265 1554 3304; x_wconf 72' lang='grc' dir='ltr'><strong>ἰς</strong></span> <span class='ocrx_word' id='word_1_350' title='bbox 1575 3247 1842 3315; x_wconf 36' lang='lat' dir='ltr'><strong>&gt;hrenum</strong></span> <span class='ocrx_word' id='word_1_351' title='bbox 1865 3245 2012 3315; x_wconf 76' lang='lat' dir='ltr'><strong>quasi</strong></span> <span class='ocrx_word' id='word_1_352' title='bbox 2043 3250 2292 3302; x_wconf 74' lang='lat' dir='ltr'><strong>crustosa.</strong></span> <span class='ocrx_word' id='word_1_353' title='bbox 2319 3249 2386 3303; x_wconf 85' lang='lat' dir='ltr'><strong>H.</strong></span> <span class='ocrx_word' id='word_1_354' title='bbox 2417 3283 2496 3294; x_wconf 93' lang='lat'><strong>--</strong></span> 
     </span>
     <span class='ocr_line' id='line_1_61' title="bbox 1482 3325 2494 3401; baseline 0.007 -25"><span class='ocrx_word' id='word_1_355' title='bbox 1482 3325 1560 3376; x_wconf 78' lang='lat' dir='ltr'><strong>Et</strong></span> <span class='ocrx_word' id='word_1_356' title='bbox 1579 3327 1685 3394; x_wconf 73' lang='lat' dir='ltr'><strong>ipsa</strong></span> <span class='ocrx_word' id='word_1_357' title='bbox 1707 3325 1768 3375; x_wconf 77' lang='lat' dir='ltr'><strong>ab</strong></span> <span class='ocrx_word' id='word_1_358' title='bbox 1789 3337 2085 3394; x_wconf 78' lang='lat' dir='ltr'><strong>argumento.</strong></span> <span class='ocrx_word' id='word_1_359' title='bbox 2107 3328 2252 3382; x_wconf 85' lang='lat' dir='ltr'><strong>Brot.</strong></span> <span class='ocrx_word' id='word_1_360' title='bbox 2279 3348 2341 3381; x_wconf 83' lang='lat' dir='ltr'><strong>ex</strong></span> <span class='ocrx_word' id='word_1_361' title='bbox 2364 3332 2494 3401; x_wconf 79' lang='lat' dir='ltr'><strong>Reg.</strong></span> 
     </span>
     <span class='ocr_line' id='line_1_62' title="bbox 1480 3402 2494 3478; baseline 0.007 -24"><span class='ocrx_word' id='word_1_362' title='bbox 1480 3402 1599 3454; x_wconf 85' lang='lat' dir='ltr'><strong>cod.</strong></span> <span class='ocrx_word' id='word_1_363' title='bbox 1634 3403 1688 3469; x_wconf 81' lang='lat'><strong>5,</strong></span> <span class='ocrx_word' id='word_1_364' title='bbox 1705 3417 1754 3456; x_wconf 71' lang='lat' dir='ltr'><strong>‘ee</strong></span> <span class='ocrx_word' id='word_1_365' title='bbox 1777 3407 1825 3455; x_wconf 75' lang='lat' dir='ltr'><strong>in</strong></span> <span class='ocrx_word' id='word_1_366' title='bbox 1848 3407 1950 3474; x_wconf 80' lang='lat' dir='ltr'><strong>ipsa</strong></span> <span class='ocrx_word' id='word_1_367' title='bbox 1973 3421 2302 3474; x_wconf 76' lang='lat' dir='ltr'><strong>argumentum</strong></span> <span class='ocrx_word' id='word_1_368' title='bbox 2329 3411 2494 3478; x_wconf 73' lang='lat' dir='ltr'><strong>plani-</strong></span> 
     </span>
     <span class='ocr_line' id='line_1_63' title="bbox 1482 3484 2046 3547; baseline 0.011 -15"><span class='ocrx_word' id='word_1_369' title='bbox 1482 3485 1568 3546; x_wconf 80' lang='lat' dir='ltr'><strong>tie,</strong></span> <span class='ocrx_word' id='word_1_370' title='bbox 1594 3496 1752 3534; x_wconf 80' lang='lat' dir='ltr'><strong>crusta</strong></span> <span class='ocrx_word' id='word_1_371' title='bbox 1771 3520 1787 3547; x_wconf 87' lang='lat'>‚</span> <span class='ocrx_word' id='word_1_372' title='bbox 1816 3496 1919 3536; x_wconf 77' lang='lat' dir='ltr'><strong>etc.</strong></span> <span class='ocrx_word' id='word_1_373' title='bbox 1943 3484 2046 3538; x_wconf 82' lang='lat' dir='ltr'><strong>En.</strong></span> 
     </span>
    </p>

    <p class='ocr_par' dir='ltr' id='par_1_13' title="bbox 1475 3561 2491 4027">
     <span class='ocr_line' id='line_1_64' title="bbox 1565 3561 2490 3634; baseline 0.003 -21"><span class='ocrx_word' id='word_1_374' title='bbox 1565 3561 1649 3614; x_wconf 79' lang='lat'><strong>13.</strong></span> <span class='ocrx_word' id='word_1_375' title='bbox 1711 3565 1871 3632; x_wconf 79' lang='lat' dir='ltr'><strong>Quam</strong></span> <span class='ocrx_word' id='word_1_376' title='bbox 1909 3584 2102 3634; x_wconf 72' lang='lat' dir='ltr'><strong>pumex.</strong></span> <span class='ocrx_word' id='word_1_377' title='bbox 2160 3565 2490 3617; x_wconf 85' lang='lat' dir='ltr'><strong>Pumicosam</strong></span> 
     </span>
     <span class='ocr_line' id='line_1_65' title="bbox 1476 3641 2488 3714; baseline 0 -20"><span class='ocrx_word' id='word_1_378' title='bbox 1476 3641 1616 3694; x_wconf 84' lang='lat' dir='ltr'><strong>enim</strong></span> <span class='ocrx_word' id='word_1_379' title='bbox 1645 3642 1902 3696; x_wconf 81' lang='lat' dir='ltr'><strong>cadmiam</strong></span> <span class='ocrx_word' id='word_1_380' title='bbox 1923 3644 2176 3714; x_wconf 79' lang='lat' dir='ltr'><strong>optimam</strong></span> <span class='ocrx_word' id='word_1_381' title='bbox 2202 3662 2310 3696; x_wconf 73' lang='lat' dir='ltr'><strong>esse</strong></span> <span class='ocrx_word' id='word_1_382' title='bbox 2329 3661 2488 3713; x_wconf 85' lang='lat' dir='ltr'><strong>opor·</strong></span> 
     </span>
     <span class='ocr_line' id='line_1_66' title="bbox 1478 3721 2489 3790; baseline -0.002 -18"><span class='ocrx_word' id='word_1_383' title='bbox 1478 3733 1588 3773; x_wconf 87' lang='lat' dir='ltr'><strong>tere</strong></span> <span class='ocrx_word' id='word_1_384' title='bbox 1604 3758 1619 3781; x_wconf 87' lang='lat'><strong>,</strong></span> <span class='ocrx_word' id='word_1_385' title='bbox 1645 3735 1829 3775; x_wconf 78' lang='lat' dir='ltr'><strong>auctor</strong></span> <span class='ocrx_word' id='word_1_386' title='bbox 1851 3737 1928 3776; x_wconf 80' lang='lat' dir='ltr'><strong>est</strong></span> <span class='ocrx_word' id='word_1_387' title='bbox 1951 3723 2128 3775; x_wconf 80' lang='lat' dir='ltr'><strong>Diose.</strong></span> <span class='ocrx_word' id='word_1_388' title='bbox 2157 3723 2260 3772; x_wconf 87' lang='lat' dir='ltr'><strong>loc.</strong></span> <span class='ocrx_word' id='word_1_389' title='bbox 2281 3721 2368 3772; x_wconf 88' lang='lat' dir='ltr'><strong>cit.</strong></span> <span class='ocrx_word' id='word_1_390' title='bbox 2396 3721 2489 3790; x_wconf 86' lang='lat' dir='ltr'><strong>qui</strong></span> 
     </span>
     <span class='ocr_line' id='line_1_67' title="bbox 1476 3799 2490 3872; baseline -0.002 -20"><span class='ocrx_word' id='word_1_391' title='bbox 1476 3803 1626 3853; x_wconf 84' lang='lat' dir='ltr'><strong>exuri</strong></span> <span class='ocrx_word' id='word_1_392' title='bbox 1673 3801 1826 3872; x_wconf 79' lang='lat' dir='ltr'><strong>jubet</strong></span> <span class='ocrx_word' id='word_1_393' title='bbox 1873 3801 1942 3855; x_wconf 86' lang='lat' dir='ltr'><strong>ad</strong></span> <span class='ocrx_word' id='word_1_394' title='bbox 1985 3799 2259 3854; x_wconf 58' lang='lat' dir='ltr'><strong>medicinae</strong></span> <span class='ocrx_word' id='word_1_395' title='bbox 2301 3817 2490 3862; x_wconf 69' lang='lat' dir='ltr'><strong>usum,</strong></span> 
     </span>
     <span class='ocr_line' id='line_1_68' title="bbox 1476 3877 2491 3952; baseline 0 -20"><span class='ocrx_word' id='word_1_396' title='bbox 1476 3878 1646 3932; x_wconf 86' lang='lat' dir='ltr'><strong>donec</strong></span> <span class='ocrx_word' id='word_1_397' title='bbox 1689 3883 1961 3952; x_wconf 76' lang='lat' dir='ltr'><strong>pumicosa</strong></span> <span class='ocrx_word' id='word_1_398' title='bbox 2005 3877 2246 3930; x_wconf 71' lang='lat' dir='ltr'><strong>videatur</strong></span> <span class='ocrx_word' id='word_1_399' title='bbox 2288 3897 2301 3928; x_wconf 90' lang='lat'>:</span> <span class='ocrx_word' id='word_1_400' title='bbox 2350 3881 2491 3948; x_wconf 71' lang='grc' dir='ltr'>μέχρι</span> 
     </span>
     <span class='ocr_line' id='line_1_69' title="bbox 1475 3955 2374 4027; baseline -0.002 -17"><span class='ocrx_word' id='word_1_401' title='bbox 1475 3957 1784 4027; x_wconf 64' lang='grc' dir='ltr'><strong>κισσηρώδνκ</strong></span> <span class='ocrx_word' id='word_1_402' title='bbox 1819 3961 1906 4015; x_wconf 69' lang='grc' dir='ltr'><strong>τὴν</strong></span> <span class='ocrx_word' id='word_1_403' title='bbox 1941 3958 2041 4022; x_wconf 79' lang='grc' dir='ltr'><strong>ὄψιν</strong></span> <span class='ocrx_word' id='word_1_404' title='bbox 2069 3956 2289 4024; x_wconf 69' lang='grc' dir='ltr'><strong>γίνηται.</strong></span> <span class='ocrx_word' id='word_1_405' title='bbox 2313 3955 2374 4008; x_wconf 85' lang='lat' dir='ltr'><strong>H.</strong></span> 
     </span>
    </p>
   </div>
  </div>
 </body>
</html>
