2975 4684
1041 408 1344 476 LIBER
1397 408 1763 477 XXXIV.
2331 432 2465 500 227

343 542 786 611 excrescentia
803 564 1192 611 consumere
1208 592 1227 623 ‚
1255 554 1322 609 et
1347 562 1775 635 perpurgare.
1798 538 2131 617 Probatur
2149 536 2195 563 '²
2222 538 2471 635 lingua,

345 662 419 715 ut
452 670 596 717 eam
628 648 829 716 siccet
857 661 1036 715 tactu
1061 647 1314 733 statim,
1347 670 1786 740 saporemque
1810 646 1955 715 aeris
1980 644 2231 713 red‘dat.
2344 678 2359 693 ·

448 756 836 823 XXXVIII.
881 756 1103 822 Unum
1133 753 1494 821 etiamnum
1522 752 1669 821 aeris
1694 749 2085 822 miraculum
2112 774 2251 821 non
2273 755 2465 823 omit·
2508 778 2531 813 ι

341 872 577 929 temus.
609 857 878 928 Servilia
904 857 1152 929 familia
1183 856 1449 929 illustris
1467 856 1484 882 ¹
1524 860 1593 927 in
1622 858 1859 942 Fastis,
1880 859 2187 927 trientem
2220 882 2465 942 aereum

337 967 553 1057 pascit
601 988 766 1035 auro
816 979 883 1033 et
925 979 1230 1059 argento,
1276 979 1778 1043 consumentem
1818 978 2193 1056 utrumque.
2255 965 2466 1059 Origo

337 1084 536 1164 atque
575 1086 815 1141 natura
855 1074 996 1164 ejus
1023 1073 1434 1165 incomperta
1467 1086 1569 1139 est
1608 1070 1790 1149 mihi.
1827 1068 2053 1137 Verba
2092 1071 2233 1161 ipsa
2269 1069 2353 1139 de
2388 1094 2467 1139 ea

339 1201 410 1245 re
429 1175 728 1249 Messalae
759 1181 930 1250 senis
961 1200 1238 1272 ponam:
1267 1206 1302 1241 α
1321 1176 1751 1247 Serviliorum
1764 1172 2022 1257 familia-
2040 1173 2243 1247 habet
2258 1177 2467 1248 trien-

335 1296 470 1353 tem
503 1308 798 1365 sacrum,
829 1288 937 1354 cui
969 1304 1228 1355 summa
1263 1308 1416 1353 cum
1448 1306 1609 1352 cura
1636 1279 2257 1377 magnificentiaque
2284 1304 2471 1351 sacra

331 1392 684 1481 quotannis
721 1390 971 1459 faciunt
1001 1415 1015 1455 τ
1063 1412 1262 1481 quem
1311 1388 1537 1457 ferunt
1580 1388 1739 1459 alias
1781 1387 2109 1468 crevisse,
2150 1384 2309 1457 alias
2350 1386 2469 1455 de·

332 1496 620 1565 crevisse
648 1495 896 1573 videri,
931 1507 1000 1562 et
1025 1517 1108 1563 ex
1143 1516 1224 1563 eo
1257 1506 1374 1564 aut
1402 1493 1768 1575 honorem,
1801 1506 1923 1561 aut
1960 1490 2469 1561 diminutionem

335 1597 598 1669 familiae
635 1599 1012 1692 significari.
1037 1628 1072 1663 n

438 1707 769 1783 XXXIX.
803 1694 1014 1793 (xiv.)
1043 1705 1348 1775 Proxime
1376 1703 1661 1776 indicari
1684 1702 1932 1783 debent
1968 1702 2228 1781 metalla
2266 1703 2463 1791 ferri,
2507 1727 2531 1762 ι
2606 1774 2613 1781 ,

327 1810 586 1905 optimo
613 1812 1029 1905 pessimoque
1058 1811 1211 1879 vitae
1239 1811 1696 1891 instrumento.
1733 1807 2071 1902 Siquidem
2109 1809 2239 1879 hoc
2267 1806 2467 1877 tellu-

329 1940 472 1985 rem
497 1916 895 1999 scindimus,
933 1916 1214 1985 serimus
1239 1916 1545 1999 arbusta,
1581 1915 1889 2008 ponimus
1928 1915 2263 2007 pomaria,
2298 1918 2465 1987 vites

325 2022 633 2116 squalore
661 2022 886 2091 deciso
923 2023 1114 2089 annis
1153 2020 1462 2090 omnibus
1505 2021 1805 2114 cogimus
1830 2019 2280 2115 juvenescere.
2313 2024 2462 2094 Hoc

325 2130 724 2199 exstruimus
761 2142 968 2211 tecta,
1007 2125 1317 2197 caedimus
1351 2151 1537 2211 saxa,
1575 2150 1935 2220 omnesque
1978 2126 2063 2194 ad
2104 2125 2267 2196 alios
2304 2152 2462 2199 usus

327 2233 500 2305 ferro
535 2236 803 2305 utimur.
835 2232 964 2303 Sed
1003 2232 1236 2303 eodem
1277 2232 1361 2301 ad
1401 2230 1605 2315 bella,
1632 2232 1881 2318 caedes,
1908 2230 2287 2319 latrocinia,
2324 2258 2461 2303 non

325 2343 626 2410 eominus
669 2339 920 2427 solum,
962 2338 1077 2409 sed
1123 2340 1320 2408 etiam
1357 2338 1584 2407 missili
1632 2337 2049 2431 volucrique,
2092 2363 2271 2407 nunc
2321 2352 2461 2409 tor-

321 2448 562 2515 mentis
592 2471 905 2529 excuss0‚
937 2470 1117 2513 nunc
1154 2443 1453 2531 lacertis,
1485 2469 1667 2516 nunc
1694 2468 1857 2512 vero
1884 2458 2175 2539 pennato
2207 2470 2220 2511 z
2253 2470 2455 2539 quam

323 2550 884 2623 sceleratissimam
925 2551 1200 2631 humani
1244 2550 1491 2644 ingenii
1533 2548 1833 2617 fraudem
1882 2550 2187 2620 arbitror.
2240 2552 2452 2647 Siqui-
2488 2579 2517 2615 a

319 2657 470 2725 dem
492 2712 511 2743 ‚
543 2672 616 2727 ut
645 2682 850 2751 ocyus
879 2682 1060 2725 mors
1089 2658 1466 2751 perveniret
1499 2654 1584 2725 ad
1604 2655 1943 2723 hominem
1962 2708 1982 2741 ‚
2022 2654 2243 2724 alitem
2272 2656 2449 2728 illam

319 2763 630 2851 fecimm,
682 2787 1060 2860 pennasque
1127 2761 1304 2830 ferro
1358 2760 1682 2831 dedimus.
1734 2762 2187 2849 Quamobrem
2254 2762 2451 2860 culpa

315 2869 498 2959 ejus,
538 2894 676 2937 non
709 2884 961 2939 naturae
999 2868 1116 2937 fiat
1145 2882 1434 2961 accepta.
1468 2852 1739 2961 Aliquot
1776 2868 2239 2961 experimentis
2283 2895 2445 2964 pro-—

315 2974 549 3043 batum
585 2988 686 3041 est
727 2998 925 3067 posse
961 2974 1278 3041 innocens
1319 2998 1458 3042 esse
1501 2973 1773 3041 ferrum.
1824 2975 1906 3039 In
1942 2972 2221 3053 findere,
2264 2977 2446 3070 quod

313 3077 603 3173 expulsis
633 3078 896 3172 regibus
929 3076 1178 3175 populo
1223 3102 1501 3147 romano
1540 3078 1721 3146 dedit
1754 3080 2112 3165 Porsenna,
2146 3084 2444 3156 nomina-

313 3186 432 3255 tim
475 3184 1029 3279 comprehensum
1061 3186 1468 3267 invenimus,
1520 3210 1605 3253 ne
1656 3183 1837 3255 ferro
1878 3186 2005 3255 nisi
2046 3188 2113 3255 in
2154 3190 2442 3283 agricul-

311 3306 463 3361 tura
483 3290 504 3317 ⁸
529 3306 890 3361 uterentur.
924 3294 1014 3360 Et
1039 3290 1208 3387 stylo
1233 3290 1521 3361 scribere
1552 3291 1841 3359 intutum
1859 3288 1905 3375 ²,
1928 3307 2003 3360 ut
2018 3298 2443 3369 vetustissimi

395 3468 484 3505 υ.
527 3450 776 3503 Probatu-
797 3450 984 3519 lingua.
1019 3448 1202 3505 Dione.
1221 3448 1325 3501 loe.
1419 3447 1608 3501 Plinii.
1626 3446 1787 3501 Libet
1804 3448 1949 3501 enim
1970 3448 2183 3508 dinem-tis
2208 3456 2300 3511 ina
2332 3472 2444 3514 tra.

309 3531 400 3585 dt.
419 3530 488 3583 nd
515 3529 763 3583 verbnm.
785 3528 966 3581 Han.
1413 3525 1587 3581 laud·
1613 3528 1839 3581 verine.
1869 3528 2065 3585 cicero
2096 3533 2153 3587 in
2182 3536 2440 3603 Verrem,

389 3608 706 3663 XXXVIII.
733 3626 784 3661 ι.
811 3608 1044 3661 lame-is.
1077 3606 1168 3661 Ob
1187 3606 1328 3660 nul·
1413 3606 1513 3659 lib.
1534 3606 1621 3659 m
1642 3624 1658 3659 x
1684 3632 1707 3657 ι
1728 3606 1875 3674 Quid
1893 3622 1973 3663 eet
2000 3612 2145 3665 enim
2164 3614 2368 3673 sieilia,
2392 3617 2435 3669 si

310 3702 394 3745 tos
425 3689 759 3753 euml-tm,
785 3706 848 3741 tc
871 3686 1209 3756 triumphos,
1231 3687 1324 3758 qui
1411 3686 1464 3739 ei
1492 3687 1603 3759 agri
1624 3674 1912 3741 cultionein
1940 3691 2255 3744 sustuleris?
2275 3718 2298 3740 ι
2326 3692 2436 3749 Gn.

311 3780 565 3823 nomm
589 3769 646 3822 in
673 3768 856 3821 Fatis.
883 3766 1329 3819 H......1)=·nu·nuea·o-
1498 3786 1549 3819 ι.
1580 3768 1659 3821 Be
1679 3769 1807 3841 stylo
1832 3769 2037 3821 scribon
2060 3762 2309 3836 ‘inm-u,
2336 3785 2436 3828 ene.

313 3866 436 3901 non.
459 3850 606 3903 Brut.
623 3866 690 3903 ex
709 3848 842 3918 Reg.
873 3868 928 3912 ι,
943 3846 1325 3899 maiom-
1411 3846 1557 3919 Lege
1585 3868 1599 3898 ε
1633 3872 1657 3896 ι
1690 3848 1861 3901 Etiam
1890 3848 2033 3919 stylo
2054 3848 2285 3903 scribere
2304 3854 2441 3907 veti.

393 3928 644 3982 XXXIX.
676 3946 698 3982 ι
711 3964 726 3981 .
757 3927 988 3996 Nesei-ro
1003 3928 1098 3979 nisi
1115 3928 1168 3979 in
1188 3929 1324 3997 aeri·
1411 3940 1533 3981 tum
1548 3927 1891 3981 vetusti-simi
1914 3938 2153 3979 unctores
2180 3928 2440 3999 prodide-

308 4005 514 4061 eultum.
534 4007 690 4065 Vooe.
718 4010 770 4061 ἐκ
795 4010 908 4079 agri
933 4008 1100 4072 culta,
1127 4019 1180 4061 et
1217 4006 1324 4061 boc
1411 4019 1559 4061 runt.
1585 4032 1609 4055 ι
1635 4006 1831 4075 ‘rugit
1861 4015 1917 4057 et
1942 4002 2160 4059 sumtu·
2188 4006 2255 4064 ed
2279 4012 2433 4084 Syn.

2072 4076 2212 4172 15?
