2975 4684
1047 403 1360 471 LIBER
1409 401 1818 470 XXXVII.

2354 398 2485 500 577

382 533 596 627 fregit.
639 532 767 604 Sed
810 533 1028 616 Nero,
1072 547 1148 602 ut
1188 557 1311 628 par
1359 545 1502 602 erat
1553 532 1916 626 principem
1944 583 1963 616 ,
2015 534 2170 602 vicit
2219 557 2447 606 omnes
2471 590 2490 624 ‚

382 641 689 710 trecentis
732 637 992 708 talentis
1035 638 1331 733 capidem
1388 661 1586 705 unam
1611 635 1656 676 ²⁷
1696 637 2010 730 parando.
2055 639 2492 713 Memoranda

380 771 483 815 res
514 747 678 814 tanti
706 745 1165 838 imperatorem
1198 757 1586 839 patremque
1621 743 1844 836 patriae
1873 743 2127 814 bibisse.
2465 759 2475 768 '

484 853 673 921 V111.
693 851 931 920 Oriens
960 843 1335 918 murrhina¹
1368 850 1588 917 mittit.
1619 847 2056 916 Inveniuntur
2088 851 2261 918 enim
2305 851 2396 920 ibi
2430 855 2496 922 in
2538 895 2560 930 ς

376 956 675 1052 pluribus
691 955 873 1042 locis,
892 981 1014 1024 nec
1034 955 1415 1051 insignibus,
1441 954 1724 1022 maxime
1756 953 2042 1022 Parthici
2077 957 2260 1049 regni
2291 982 2305 1024 :
2337 984 2500 1051 prae.

377 1064 569 1157 cipue
612 1077 831 1130 tamen
854 1060 875 1086 ²
920 1063 989 1130 in
1024 1063 1398 1132 Carmania.
1466 1062 1833 1127 Humorem
1881 1071 2117 1153 putant
2157 1062 2283 1128 sub
2325 1077 2498 1133 terra

378 1167 600 1237 calore
649 1168 926 1236 densari.
983 1165 1433 1260 Amplitudine
1491 1189 1811 1258 nusquam
1871 1189 2112 1258 parvos
2174 1168 2501 1239 excedunt

376 1275 621 1343 abacos
644 1259 668 1298 ³
703 1299 719 1338 t
757 1259 1229 1340 crassitudine⁴
1274 1295 1461 1357 raro,
1499 1284 1742 1364 quanta
1783 1268 2032 1338 dictum
2070 1284 2170 1339 est
2209 1275 2346 1341 vasi
2379 1299 2496 1367 po-

463 1440 551 1490 ¹7·
594 1419 821 1490 capidem
849 1438 1008 1472 unam.
1043 1417 1203 1488 Capis
1230 1435 1394 1488 genus

376 1511 455 1552 est
479 1499 658 1570 poculi
695 1517 724 1550 a
750 1495 1007 1568 capiendo
1036 1495 1269 1557 dictum,
1302 1514 1395 1547 au·

376 1582 525 1630 ctore
551 1578 723 1629 Festo.
748 1576 931 1628 Livius
956 1575 1049 1627 lib.
1082 1575 1128 1626 X
1159 1597 1171 1626 ε
1202 1600 1225 1622 ι
1258 1575 1395 1628 Cum

376 1655 565 1725 cupide
598 1673 659 1708 ac
692 1655 825 1708 lituo
866 1653 1037 1725 capite
1074 1653 1279 1716 velato,
1314 1653 1396 1704 vi·

376 1734 589 1787 etimam
619 1733 803 1786 cadat.
832 1759 854 1780 ι
880 1734 945 1786 In
970 1731 1119 1786 MSS.
1137 1731 1397 1802 jaspidem,

378 1812 471 1867 sed
494 1811 763 1866 mendose.
786 1813 857 1866 Η.
874 1841 953 1854 -
982 1813 1223 1864 Trecentis
1250 1811 1399 1862 talen-

380 1895 461 1946 tis.
514 1893 663 1945 Brot.
717 1892 767 1945 C
810 1891 1003 1942 talentis
1024 1929 1040 1952 ,
1094 1901 1197 1944 etc.
1252 1887 1395 1942 Edit.

376 1972 553 2043 princ.
585 1971 635 2024 C
659 1970 745 2022 lib.
784 1969 1115 2022 Ambrosiam.
1151 1987 1179 2020 a
1199 2005 1217 2034 ,
1251 1969 1301 2022 C
1322 1987 1397 2020 se·

376 2055 571 2104 stertirk.
595 2048 905 2102 vindobon.
944 2049 1303 2118 quadringentis
1324 2067 1399 2098 se-

374 2133 567 2184 stet-tiis.
612 2127 891 2182 Rezzonic.
952 2115 1111 2176 ffc'c‘c
1149 2125 1269 2178 11-5'
1274 2165 1289 2179 .
1340 2125 1397 2178 id

378 2221 481 2273 est,
502 2232 523 2254 ι
540 2206 965 2280 quadringenties
989 2225 1084 2260 cen
1093 2219 1209 2257 tens
1234 2206 1399 2258 millia

378 2289 700 2346 sestertium,
736 2313 759 2333 ι
806 2303 898 2336 seu
936 2285 1133 2355 gallica
1175 2296 1398 2336 monetoe

378 2365 529 2418 libras
578 2367 897 2434 7‚782,010.
945 2363 1173 2416 Centum
1223 2375 1397 2414 autem

380 2443 645 2506 sestertia,
684 2453 805 2494 sunt
848 2454 1039 2493 nostroe
1078 2453 1299 2492 monetae
1331 2441 1398 2491 li·

380 2523 491 2577 bro
529 2521 733 2591 19,453
764 2517 1179 2590 :quadringenta
1215 2531 1399 2570 sester-

380 2602 478 2668 tia,
498 2603 647 2654 libra
675 2602 887 2670 77‚812
916 2611 1159 2652 :centum
1186 2596 1401 2658 talenta,

378 2680 529 2733 libra
554 2679 824 2748 456‚875.
848 2677 1047 2730 Omnes
1068 2689 1243 2730 tamen
1272 2675 1403 2728 vicit

384 2759 557 2822 Nero,
606 2775 769 2830 quum
812 2775 923 2808 non
966 2753 1199 2825 ingentia
1248 2771 1400 2819 vasa,

382 2835 477 2889 sed
524 2855 682 2888 uuam
724 2833 993 2904 capidem,
1046 2831 1399 2884 minusculum

382 2933 503 2978 vas,
543 2913 673 2967 tanti
701 2913 927 2964 emisset.
963 2912 1041 2962 Ex
1082 2911 1227 2963 Brot.
1264 2922 1397 2964 nott.

383 2992 451 3045 ad
478 2993 625 3044 hunc
652 2993 753 3046 loc.
782 2991 883 3042 En.

464 3071 621 3123 VIII.
658 3089 681 3124 ι
694 3111 707 3124 .
745 3070 919 3123 Oriens
950 3069 1208 3122 meu-rhina.
1243 3068 1401 3122 Glos-

383 3150 575 3204 sarium
644 3161 796 3202 vetus
858 3149 1048 3201 Latino
1064 3179 1083 3190 ·
1100 3148 1363 3201 Gallicum
1384 3188 1401 3214 ,

383 3230 659 3282 mun-hina
680 3245 800 3281 vasa
818 3241 971 3280 vocat
1005 3228 1188 3294 hanaps
1215 3228 1274 3279 dc
1296 3247 1401 3280 ma·

382 3309 485 3362 dre.
513 3307 618 3362 Sed
640 3307 863 3360 made-aur
889 3307 999 3360 haec
1020 3325 1183 3376 opera
1209 3326 1240 3359 e
1256 3307 1401 3376 ligno

382 3389 541 3442 fuisse
566 3389 739 3442 verius
752 3387 841 3439 alii
863 3398 1075 3439 censent
1094 3403 1214 3438 cum
1242 3385 1403 3438 Ruel-

380 3467 455 3520 lio
470 3507 485 3535 ,
515 3485 672 3540 quem
695 3466 909 3537 sequuti
931 3481 1111 3518 sumus
1130 3463 1224 3516 lib.
1246 3463 1401 3528 XIII,

383 3563 497 3616 cap.
526 3547 613 3600 30.
632 3547 773 3598 Vasa
800 3545 945 3597 fuere
975 3561 1038 3597 ex
1066 3543 1300 3614 pretioso
1328 3543 1403 3594 la·-

382 3623 507 3695 pide
534 3626 615 3678 sui
648 3624 879 3677 nominis
898 3662 914 3689 ,
952 3624 1138 3694 suique
1176 3621 1398 3692 generis.

384 3701 524 3757 Vide
539 3723 661 3775 quae
676 3702 997 3757 Passeratius
1014 3703 1175 3754 habet
1196 3702 1251 3753 in
1270 3701 1403 3752 Pro-

385 3781 651 3851 pertium,
688 3783 783 3835 lib.
817 3783 914 3844 lv,
943 3779 1123 3852 Elegia
1154 3781 1203 3835 5.
1246 3780 1403 3832 Hunc

387 3858 548 3911 Plinii
596 3858 771 3912 locum
810 3859 1028 3912 totidem
1078 3861 1189 3912 fere
1227 3858 1405 3913 verbis

388 3937 659 4008 exscripsit
678 3938 939 4003 Isidorus,
963 3937 1115 4009 Orig.
1138 3937 1231 3990 lib.
1252 3937 1403 4002 XVI,

384 4033 505 4088 cap.
533 4035 555 4070 ι
570 4035 620 4068 a.
646 4015 715 4072 R.
730 4047 811 4060 —-
836 4018 1012 4072 Oriens
1032 4017 1277 4072 marr-hina
1297 4020 1407 4070 mie·

534 4117 659 4183 IX.

1486 1421 1563 1471 tie.
1592 1418 1838 1490 Scaliger,
1865 1419 2113 1472 Mariette
2130 1456 2146 1481 ‚
2174 1420 2363 1491 aliique
2394 1423 2502 1476 exi-

1482 1496 1756 1551 stimavere
1791 1497 2064 1551 muri-hina
2104 1517 2215 1550 esse
2254 1499 2304 1551 la
2336 1501 2538 1570 poree-‘

1484 1576 1631 1628 [aine.
1669 1579 1800 1642 Quae
1847 1576 2100 1630 sententia
2153 1596 2370 1648 prorsus
2413 1579 2506 1634 ad-

1486 1669 1721 1708 versatur
1785 1655 2037 1710 Plinianae
2103 1658 2506 1714 murrhinorum

1483 1732 1849 1806 descriptioni.
1873 1733 1929 1788 si
1957 1735 2074 1805 quis
2097 1735 2335 1790 conferat
2361 1738 2508 1792 locos

1484 1831 1700 1878 omnes,
1742 1816 1800 1868 in
1833 1813 2026 1884 quibus
2055 1813 2260 1868 Plinius
2297 1817 2403 1885 agit
2438 1816 2508 1872 de

1486 1893 1796 1958 murrhinis‚
1809 1892 2090 1965 perspiciet
2102 1894 2376 1949 murrhinn
2398 1916 2508 1951 esse

1484 1971 1716 2040 lapidem
1735 2012 1752 2037 ,
1795 1985 1878 2034 et,
1919 1985 1976 2024 ut
2003 1972 2248 2027 Broterio
2279 1972 2508 2042 videtur,

1484 2051 1660 2103 achati
1711 2071 1820 2104 non
1869 2051 2195 2116 absimilem,
2239 2065 2292 2105 at
2338 2057 2508 2107 rario-

1486 2148 1598 2182 rem
1631 2143 1684 2183 et
1714 2129 2152 2201 prestantiorem.
2194 2131 2351 2185 Nunc
2376 2152 2507 2186 vero

1485 2207 1626 2279 apud
1669 2207 2010 2280 peritissimos
2052 2211 2376 2280 minet-alogia
2411 2231 2508 2266 au-

1485 2292 1656 2341 ctores
1683 2298 1915 2350 constat,
1944 2287 2292 2359 plurimisque
2315 2293 2508 2360 proba-

1484 2367 1564 2418 vit
1608 2366 1938 2436 argumentis
1989 2367 2071 2419 Cl.
2119 2385 2194 2418 nn
2238 2369 2507 2436 Rosinnn,

1484 2441 1676 2513 lapidis
1701 2462 1896 2514 nempe
1919 2443 2110 2497 duritia
2137 2457 2186 2498 et
2208 2445 2509 2518 splendore,

1488 2522 1730 2574 colorum
1773 2522 2020 2574 varietate
2060 2542 2121 2576 ac
2159 2542 2470 2596 repercussu
2488 2563 2506 2591 ,
2607 2547 2624 2564 ²

1486 2599 1634 2652 zonis
1672 2597 2087 2654 discurrentibus
2127 2604 2408 2659 maculisve
2447 2605 2508 2658 in

1486 2695 1780 2749 purpuram
1800 2716 1816 2742 ,
1849 2676 2166 2744 candorem,
2207 2695 2306 2736 etc.
2333 2703 2386 2737 se
2413 2685 2514 2738 cir-

1484 2757 1909 2826 cumagentibus,
1933 2757 2069 2809 nihil
2097 2759 2242 2812 aliud
2272 2763 2508 2816 murrhi-

1486 2853 1684 2889 norum
1714 2837 2051 2906 antiquorum
2087 2839 2360 2891 materiam
2384 2843 2512 2895 fuis-

1487 2933 1570 2976 se,
1616 2931 1774 2985 quam
1805 2913 1951 2985 quod
1979 2918 2299 2968 recentiores
2322 2933 2512 2972 vocant

1471 2995 1615 3065 fluor
1652 2994 1837 3064 (stacte
1856 2993 1917 3044 de
1943 2993 2100 3045 chame
2113 3032 2128 3056 ,
2167 2996 2426 3064 phehor-ure
2452 2998 2510 3049 de

1486 3073 1740 3136 calcium),
1762 3071 1829 3126 de
1859 3091 1967 3144 quo
2003 3073 2145 3125 conf.
2189 3075 2272 3127 cl.
2307 3090 2510 3132 nostras

1488 3153 1762 3206 Batinus-1·
1787 3191 1802 3216 ,
1840 3153 2014 3203 Tmice‘
2046 3154 2106 3203 de
2151 3153 2394 3208 Mine'mlo
2430 3160 2508 3222 ie,

1488 3233 1670 3302 p.456
1684 3241 1736 3282 et
1755 3234 1894 3300 7183
1917 3229 2084 3284 Paris.
2108 3250 2189 3284 an.
2209 3251 2230 3286 1
2246 3177 2509 3298 Saaffin.

1575 3328 1628 3362 a.
1651 3310 1899 3380 Proecipue
1917 3322 2088 3364 tamen.
2111 3311 2253 3366 Brot.
2275 3333 2335 3365 ex
2355 3313 2508 3367 MSS.

1491 3391 1654 3460 Regg.
1679 3388 1734 3453 3,
1751 3389 1804 3453 5,
1820 3388 2128 3444 vindobon.
2157 3404 2211 3444 et
2229 3391 2313 3444 ed.
2336 3392 2508 3463 princ.

1485 3473 1732 3538 proecipua
1765 3479 1937 3522 tamen.
1967 3469 2068 3522 En.

1573 3549 1624 3601 3.
1658 3549 1842 3601 Parvos
1861 3549 2094 3602 excedunt
2113 3547 2305 3600 abacos.
2324 3549 2510 3615 Abaei,

1486 3627 1569 3678 des
1594 3627 1851 3695 guel-idom
1868 3666 1883 3691 ,
1912 3640 1971 3680 ut
1997 3625 2227 3679 diximus
2253 3645 2370 3698 sup.
2392 3647 2508 3700 cap.

1488 3704 1674 3760 Hum-

1575 3791 1626 3848 4.
1680 3781 2024 3838 Crassitude‘ne.
2081 3783 2221 3834 Raro
2239 3818 2256 3845 ,
2307 3784 2510 3856 inquit,

1493 3863 1758 3916 murz-hini
1797 3860 1990 3932 lapidis
2029 3857 2319 3912 crassitudo
2367 3875 2510 3918 tanta

1493 3953 1599 4004 est,
1629 3955 1690 3994 ut
1711 3941 1950 3994 excavari
1974 3939 2142 4008 possit
2169 3938 2224 3992 in
2253 3959 2368 3994 eam
2395 3943 2512 3996 alti·

1494 4019 1768 4085 tudinem,
1795 4037 1912 4090 que
1954 4017 2062 4074 vasi
2105 4018 2318 4090 potorio
2353 4041 2509 4094 supe-

2181 4115 2265 4210 37
