2975 4684
1057 409 1369 479 LlsER
1432 407 1835 478 xxxvn.
2373 404 2520 504 569

384 558 637 631 rentur,
663 542 862 612 veluti
890 541 1393 636 Dionysodorus
1415 537 1680 634 aequalis
1715 541 1856 633 ejus
1880 552 1949 608 et
1979 536 2286 623 oemulus,
2313 555 2386 609 ut
2419 543 2516 610 sic

387 675 648 744 quoque
698 673 819 743 par
859 648 1213 717 videretur.
1252 649 1514 716 Tertius
1533 699 1551 732 ‚
1595 647 1706 740 qui
1747 645 1980 714 eodem
2036 659 2334 739 tempore
2391 646 2518 715 fuit

390 757 565 824 inter
590 756 904 837 musicos,
935 753 1411 839 NicomachuS,
1448 751 1690 821 multas
1716 776 2008 846 gemmas
2042 751 2348 821 habuisse
2383 766 2514 820 tra-

386 860 585 943 ditur,
635 859 748 930 sed
783 858 961 928 nulla
1000 861 1231 991 peritia
1274 858 1562 928 electas,
1611 871 1787 927 sorte
1821 853 2108 951 quadam
2154 857 2260 926 his
2305 881 2516 927 exem-

385 965 553 1060 plis
538 968 721 1036 initio
754 952 1157 1035 voluminis¹³
1192 965 1429 1035 oblatis
1458 963 1774 1035 adversus
1815 964 1974 1032 istos
1994 1015 2012 1049 ‚
2053 963 2164 1055 qui
2191 964 2314 1033 sibi
2341 964 2516 1033 hanc

388 1074 895 1142 ostentationem
923 1087 1275 1168 arrogant,
1314 1085 1391 1139 ut
1431 1069 1650 1165 palam
1680 1072 1760 1140 sit
1789 1093 1904 1138 eos
1945 1068 2284 1138 tibicinum
2310 1067 2518 1165 gloria

382 1191 660 1248 tumere.

490 1285 612 1353 IV.
660 1281 1017 1376 Polycratis
1054 1305 1349 1375 gemma,
1374 1307 1522 1376 quae
1563 1281 2076 1366 demonstratur,
2119 1277 2366 1348 illibata
2405 1281 2511 1348 in-

384 1401 689 1481 tactaque
726 1386 877 1456 est¹.
922 1389 1225 1457 Ismeniae
1267 1401 1457 1456 aetate
1473 1385 1760 1456 ²multos
1791 1401 1943 1480 post
1975 1409 2184 1454 annos
2195 1400 2518 1479 ,apparet

387 1491 589 1586 scalpi
628 1494 825 1562 etiam
864 1491 1244 1588 smaragdos
1280 1491 1532 1562 solitos.
1579 1492 1952 1562 Confirmat
1995 1489 2168 1560 hanc
2210 1490 2509 1560 eamdem

386 1599 766 1692 opinionem
800 1597 1087 1666 edictum
1110 1585 1489 1668 Alexandri³
1501 1599 1756 1693 Magni,
1773 1623 1906 1692 quo
1928 1599 2142 1666 vetuit
2163 1599 2230 1664 in
2251 1621 2514 1692 gemma

387 1727 457 1772 se
490 1703 574 1771 ab
606 1701 733 1772 alio
762 1702 1000 1797 scalpi,
1042 1728 1240 1797 quam
1276 1727 1315 1772 a
1342 1703 1725 1798 Pyrgotele,
1757 1729 1891 1772 non
1919 1703 2118 1772 dubie
2157 1701 2516 1772 clarissimo

386 1809 545 1878 artis
568 1808 725 1902 ejus.
748 1811 903 1878 Post
928 1834 1077 1878 eum
1108 1810 1538 1904 Apollonides
1557 1825 1624 1880 et
1647 1810 1975 1880 Cronius
1957 1835 2024 1878 m
2061 1807 2268 1902 gloria
2289 1808 2511 1878 fuere.

384 1917 627 2009 quique
646 1915 780 1983 divi
798 1917 1117 2008 Augusti
1102 1917 1452 2051 imaginem
1474 1915 1750 1986 similem
1777 1916 2261 2008 expressit,qua
2285 1928 2514 2008 postea

383 2021 714 2114 principes
756 2007 1170 2150 signabant,
1216 2009 1684 2090 Dioscorides⁵
1693 2075 1708 2089 .
1763 2019 1940 2114 Sylla
1982 2019 2267 2088 dictator
2310 2019 2513 2089 tradi-

384 2127 560 2196 tione
590 2111 977 2220 Jugurthae⁶
1010 2151 1273 2220 semper
1317 2127 1624 2221 signavit.
1671 2131 1792 2196 Est
1835 2125 2012 2220 apud
2057 2140 2404 2213 auctores,
2445 2139 2514 2194 et

470 2299 746 2352 13.1m'cio
776 2299 1061 2362 voluminis,
1097 2313 1199 2354 etc.
1234 2299 1402 2354 Initio

382 2375 543 2446 hujus
574 2377 699 2429 libri
730 2377 814 2430 his
845 2379 1102 2448 exemplis
1128 2397 1247 2433 casu
1277 2397 1403 2450 pro-

382 2456 573 2526 positis
595 2455 839 2510 adversus
854 2476 945 2510 eos
960 2495 977 2522 ,
996 2469 1095 2510 etc.
1124 2459 1306 2510 Hann.

463 2535 563 2588 IV.
591 2553 615 2588 1
626 2575 639 2588 .
657 2537 853 2588 Illibata
868 2541 1139 2609 intactoque
1152 2549 1241 2590 cst.
1262 2535 1405 2606 Ergo

384 2632 503 2685 quai
530 2615 713 2667 Rome
738 2615 1137 2680 ostendebatur,
1170 2635 1277 2668 non
1302 2615 1407 2669 fuit

383 2692 677 2766 Polycratis
707 2712 941 2766 gemma
966 2713 1027 2748 ea
1058 2697 1201 2748 enim
1230 2696 1401 2764 signa·

1577 2303 1772 2369 4οω
1788 2313 1958 2370 postea
1975 2303 2218 2370 principes
2234 2299 2512 2369 signabant.

1491 2379 1772 2433 Suetonius
1791 2417 1806 2444 ,
1829 2381 1932 2433 loc.
1963 2380 2054 2432 cit.
2079 2381 2184 2432 Dio
2204 2418 2219 2445 ,
2245 2380 2280 2432 l.
2303 2379 2482 2432 XLIX
2500 2417 2517 2444 ‚

1491 2476 1548 2528 p.
1580 2465 1712 2527 417.
1744 2459 1809 2510 Η.
1840 2490 1918 2502 —
1938 2459 2231 2526 Signabam.
2261 2459 2406 2510 Brot.
2445 2477 2516 2510 ex

1492 2537 1648 2590 MSS.
1677 2539 1838 2607 Regg.
1859 2551 1912 2590 et
1935 2535 2068 2591 edit.
2091 2539 2260 2608 princ.
2280 2539 2510 2606 signant,
2501 2557 2516 2572 ·

1493 2628 1546 2668 et
1565 2616 1638 2668 sic
1657 2617 1890 2669 scribere
1911 2615 2098 2670 debuit
2119 2619 2332 2682 Noster,
2345 2635 2514 2688 quum

1491 2697 1604 2762 ejus
1621 2707 1768 2748 oetate
1783 2713 1844 2748 ca
1863 2713 2071 2765 gemma
2091 2697 2358 2766 signarent
2373 2697 2516 2809 prin

383 2771 475 2824 hat
494 2772 820 2841 Polycrates,
846 2785 975 2826 teste
1000 2772 1279 2828 Herodoto
1298 2775 1405 2826 loc.

386 2850 473 2904 cit.
519 2851 791 2920 Regnabat
834 2863 1009 2904 autem
1046 2869 1189 2904 anno
1228 2852 1301 2904 U.
1340 2853 1403 2906 C.

390 2945 535 2996 ²²93
565 2941 687 2981 ante
714 2930 844 2982 Chr.
884 2949 939 2983 n.
982 2929 1111 2984 523.
1144 2930 1227 2983 cf.
1256 2929 1403 2984 Brot.

384 3021 495 3061 not.
526 3007 591 3060 ad
616 3007 761 3060 hunc
787 3009 889 3062 loc.
916 3009 1022 3062 En.

468 3105 522 3140 a.
568 3087 791 3140 Ismenia
826 3101 985 3142 atate.
1018 3089 1169 3142 vixit
1206 3089 1249 3142 is
1294 3089 1405 3142 fere

383 3167 535 3220 annis
578 3178 793 3220 centum
844 3181 963 3238 post
1015 3169 1349 3240 Polycratem
1384 3189 1398 3220 z

383 3245 475 3300 hio
492 3246 767 3316 Tarquinii
786 3245 1015 3318 Superbi
1037 3249 1401 3302 Romanorum

382 3328 519 3396 regis
560 3337 728 3380 aetate.
774 3325 843 3379 H.
872 3357 953 3369 —-
984 3327 1199 3380 Ismenia
1240 3339 1401 3382 oeeate.

384 3405 677 3459 Choraules
709 3405 827 3466 ille,
868 3405 1157 3470 tibicenve,
1191 3407 1407 3461 vivebat

338 3471 351 3494 ⁸
384 3503 511 3541 ann.
556 3497 677 3538 ante
724 3483 855 3537 Chr.
883 3498 991 3538 nat.
1024 3485 1235 3540 circiter
1269 3487 1403 3555 391.

383 3563 557 3617 Multo
574 3577 697 3620 ante
708 3565 913 3616 celatos
926 3565 1083 3618 fuisse
1098 3565 1405 3636 smaragdos

386 3639 543 3696 docet
558 3643 758 3708 Moses,
778 3643 945 3698 Exod.
964 3661 1141 3696 xxvui
1155 3682 1171 3709 ,
1194 3663 1285 3714 ¹7·
1304 3647 1402 3700 Ba.

467 3722 521 3772 3.
570 3722 795 3774 Edictum
841 3724 1135 3778 Alexandri.
1170 3726 1247 3776 De
1289 3743 1397 3796 quo

386 3797 615 3853 diximus
640 3814 787 3856 antea
806 3841 822 3866 ,
852 3803 947 3856 lib.
976 3803 1109 3868 vn,
1144 3821 1257 3875 cap.
1302 3803 1396 3858 38.

385 3876 452 3929 H.
500 3909 579 3918 —
630 3881 874 3935 Edictum.
929 3882 1055 3947 Quo
1104 3884 1170 3936 ab
1213 3884 1401 3954 Apelle

385 3957 562 4028 pingi,
588 3977 618 4011 a
640 3960 875 4032 Lysippo
890 3963 1021 4032 fingi
1034 4003 1051 4029 ,
1071 3980 1099 4014 a
1120 3962 1402 4035 Pyrgotele

387 4037 549 4106 scalpi
572 4055 625 4090 se
640 4040 880 4108 jusserat.
914 4041 1017 4095 En.
1096 4055 1108 4066 ·

1491 2774 1652 2844 cipes.
1677 2773 1782 2825 En.

1577 2852 1626 2907 5.
1647 2853 1969 2904 Dioscorides.
1983 2853 2188 2905 mentio
2198 2852 2360 2922 hujus
2369 2853 2513 2924 apud

1488 2932 1888 3002 Tranquillum,
1916 2932 1970 2983 in
2003 2931 2276 3001 Augusto,
2309 2949 2426 3002 cap.
2460 2952 2514 2986 1..

1488 3010 1556 3062 H.
1593 3042 1676 3054 -
1707 3011 2034 3064 Dioscorides.
2079 3011 2298 3064 Exstant
2342 3009 2516 3064 adhuc

1489 3108 1712 3161 gemma
1753 3091 1820 3144 ab
1859 3091 1950 3144 illo
1989 3091 2386 3160 scalptoe,-cum
2417 3109 2512 3144 suo

1486 3159 1704 3222 noinine
1719 3207 1734 3234 ,
1765 3175 2260 3224 ΔιοΣκοΥΡιΔοι.
2285 3171 2452 3224 Bam.

1572 3253 1625 3302 6.
1657 3247 1800 3320 Sylla
1821 3250 2034 3302 dictator
2051 3251 2310 3303 traditione
2327 3250 2514 3320 lugur-

1493 3329 1604 3380 thoe.
1623 3329 1686 3380 In
1707 3330 1914 3401 antiqui
1927 3328 2134 3382 denarii
2151 3329 2368 3382 adversa
2387 3347 2512 3400 par·

1491 3420 1544 3460 te
1585 3406 1902 3478 impressum
1951 3421 2028 3462 est
2066 3421 2226 3480 caput
2253 3405 2514 3477 Torquati

1488 3486 1764 3558 cujusdam
1783 3507 1906 3542 cum
1929 3488 2014 3542 his
2036 3489 2240 3550 litteris,
2259 3487 2511 3538 Fumo:

1486 3567 1545 3619 in
1585 3584 1763 3620 aversa
1805 3579 1956 3638 parte
1996 3569 2228 3638 signatus
2269 3565 2418 3636 syna
2453 3564 2512 3616 in

1491 3647 1626 3698 solio
1662 3643 1874 3710 sedens,
1911 3646 2154 3699 adstante
2191 3641 2410 3696 Boccho
2453 3643 2512 3695 in

1488 3744 1656 3795 genua
1681 3726 2095 3796 procumbente,
2124 3735 2174 3774 et
2210 3722 2356 3775 velut
2383 3723 2511 3774 her·

1487 3804 1608 3857 bam
1644 3805 1975 3876 porrigente,
2010 3801 2380 3872 Iugurthaque
2403 3819 2516 3854 ma

1486 3883 1697 3937 nibus
1683 3903 1738 3938 ιιι
1777 3897 1982 3954 tergum
2027 3879 2310 3950 revinctis,
2357 3880 2510 3933 humi

1486 3963 1728 4034 abjecto,
1762 3964 1900 4016 elato
1927 3978 2081 4014 crure
2114 3957 2325 4014 dextro.
2361 3961 2512 4014 Ursi-

1486 4061 1589 4096 nus
1619 4041 1712 4111 75.
1733 4040 1878 4096 Vide
1899 4041 2076 4095 valer.
2097 4033 2134 4094 1.
2155 4039 2312 4105 vm,
2333 4059 2378 4095 c.
2409 4041 2515 4106 15,
