2975 4684
450 365 595 440 562
978 367 1057 436 C.
1111 368 1456 446 PLINII
1511 369 1726 438 NAT.
1785 366 2040 435 HIST.

448 524 617 594 quos
650 499 845 568 etiam
890 496 1189 592 pluribus
1234 499 1447 570 modis
1485 497 1930 569 versicolores.
1969 499 2236 568 Vitmm
2272 495 2577 593 sulphuri

450 620 841 680 concoctum
888 603 1410 696 ferruminamrffss’
1444 607 1511 673 in
1557 605 1864 700 lapidem.

556 713 875 779 LXVIII.
918 717 1006 778 At
1044 713 1329 805 peractis
1360 712 1666 781 omnibus
1687 763 1706 794 ,
1749 735 1893 806 quae
1929 723 2240 778 constant
2279 709 2576 802 ingenio,

450 831 659 885 artem
690 829 929 886 natura
973 815 1289 901 faciente,
1344 820 1669 887 succurrit
1707 817 1932 885 mirari
1949 814 2172 904 ,·¹nihil
2211 840 2400 910 paene
2441 841 2579 886 non

450 923 589 1017 igni
627 921 879 1016 perfici.
909 914 1195 1009 (xxvn.)
1232 924 1415 1018 Ignis
1446 925 1690 1018 accipit
1729 946 1962 991 arenas
1982 975 2001 1008 ‚
2038 945 2120 990 ex
2149 921 2390 1016 quibus
2423 920 2579 991 alibi

450 1030 718 1112 vitrum,
747 1025 901 1095 alibi
937 1043 1281 1122 argentum
1300 1081 1319 1114 ‚
1343 1028 1499 1098 alibi
1523 1031 1832 1115 minium,
1864 1027 2016 1096 alibi
2035 1027 2290 1121 plumbi
2313 1051 2578 1120 genera,

449 1132 602 1202 alibi
631 1135 967 1228 pigmenta
982 1188 1004 1222 ‚
1018 1133 1170 1204 alibi
1188 1135 1667 1206 medicamenta
1681 1134 1913 1204 fundit.
1935 1137 2101 1227 'Igne
2117 1131 2391 1228 lapides¹
2409 1134 2478 1202 in
2492 1157 2580 1203 aes

452 1238 828 1326 solvuntur,
870 1241 1021 1333 igne
1061 1239 1309 1309 sermm
1364 1243 1658 1338 gignitur
1723 1265 1800 1310 ac
1849 1239 2192 1325 domatur,
2231 1242 2386 1332 igne
2427 1263 2578 1308 cre·-

446 1357 629 1414 mato
680 1343 937 1438 lapide²
974 1361 1291 1416 caementa
1324 1349 1392 1415 in
1440 1349 1632 1417 tectis
1666 1344 1975 1442 ligantur.
2015 1344 2160 1413 Alia
2201 1345 2435 1439 saepius
2473 1345 2580 1414 uri

448 1449 738 1546 prodeat.
784 1449 1165 1546 Eademque
1196 1439 1510 1522 materia³
1552 1453 1730 1522 aliud
1765 1453 1976 1548 gignit
2009 1452 2242 1545 primis
2285 1450 2581 1546 ignibus,

427 1555 625 1632 ‚aliud
666 1557 1003 1644 secundis,
1037 1557 1215 1628 aliud
1260 1561 1512 1629 tertiis:
1551 1559 1820 1654 quando
1849 1561 1988 1652 ipse
2019 1557 2224 1626 carbo
2262 1559 2434 1626 vires
2470 1557 2586 1626 ha-

450 1664 613 1734 bere
646 1662 881 1758 incipit
920 1666 1275 1734 restinctus
1295 1719 1315 1752 ‚
1349 1680 1552 1760 atque
1588 1667 1906 1734 interiisse
1945 1662 2234 1734 creditus
2259 1711 2280 1749 ‚
2316 1663 2584 1756 majoris

456 1767 537 1838 fit
569 1769 853 1840 virtutis.
898 1772 1231 1840 Immensa
1282 1786 1348 1840 et
1387 1771 1691 1866 improba
1741 1795 1963 1840 rerum
2013 1783 2266 1838 naturae
2315 1770 2580 1864 portio:

454 1890 523 1945 et
564 1875 635 1942 in
672 1899 805 1967 qua
842 1874 1115 1946 dubium
1160 1878 1269 1961 sit,
1309 1876 1501 1972 plura
1541 1877 1877 1962 absumat,
1915 1901 1998 1944 an
2037 1877 2266 1970 pariat.

563 1981 813 2048 LXIX.
877 1983 999 2050 Est
1046 1997 1112 2050 et
1152 1983 1309 2076 ipsis
1362 1981 1626 2075 ignibus
1679 1981 1934 2051 medica
1981 1983 2106 2050 vis.
2155 1978 2586 2067 Pestilentiae,

458 2109 605 2180 quae
639 2083 792 2152 solis
833 2085 1297 2156 obscuratione
1332 2086 1768 2172 contrahitur,
1800 2088 1968 2180 ignis
1999 2087 2226 2156 suffitu
2263 2083 2584 2154 multifor-

457 2191 651 2260 miter
691 2189 985 2258 auxiliari
1015 2205 1268 2260 certum
1309 2207 1427 2262 est.
1466 2191 1902 2288 Empedocles
1941 2207 2008 2262 et
2043 2196 2477 2288 Hippocrates
2515 2189 2589 2258 id

460 2295 993 2364 demonstravere
1046 2297 1318 2367 diversis
1365 2297 1548 2368 locis.
1603 2299 1706 2368 Ad
1750 2299 2067 2368 convulsa
2123 2301 2412 2386 viscera,
2474 2311 2592 2364 aut

462 2416 773 2488 contusa,
805 2415 881 2470 ut
915 2404 1229 2472 M.Varro
1250 2402 1265 2427 ¹
1295 2429 1313 2472 ε
1348 2406 1506 2498 ipsis
1540 2407 1716 2475 enim
1755 2406 1972 2474 verbis
2010 2405 2149 2497 ejus
2183 2419 2365 2474 utar:
2405 2431 2439 2468 α
2466 2403 2592 2471 Lix

464 2510 629 2578 cinis
653 2521 787 2594 est,
824 2509 1071 2601 inquit,
1107 2508 1261 2578 foci.
1296 2511 1462 2579 Inde
1494 2513 1671 2580 enim
1703 2513 1863 2580 cinis
1895 2509 2130 2578 luxatis
2171 2522 2368 2604 potus
2391 2507 2412 2532 ²
2451 2531 2590 2575 me-

550 2736 636 2786 19·
667 2719 1046 2772 Fer-ruminatur.
1070 2720 1135 2773 In
1157 2721 1350 2793 lapidis
1369 2741 1485 2777 mo-

1569 2721 1789 2775 Plautus
1827 2718 2140 2791 simpliciter
2171 2719 2407 2772 cinerem
2437 2733 2594 2775 vocat
2652 2784 2660 2791 ,

465 2794 599 2850 dum
620 2795 917 2852 induratur.
946 2800 1127 2853 Hau.

1570 2801 1626 2852 in
1646 2800 1836 2854 Milite.
1860 2800 2014 2864 Lim,
2037 2817 2172 2870 aqua
2195 2817 2212 2852 τ
2231 2797 2358 2852 inde
2380 2800 2596 2867 elixare,

543 2876 797 2931 LXVIII.
856 2898 903 2932 1.
962 2881 1085 2950 Igne
1138 2880 1339 2950 lapides.
1392 2881 1485 2934 Li-

466 2955 568 3009 bro
595 2957 855 3022 xxxw,
882 2977 997 3031 cap.
1026 2978 1077 3012 a.
1102 2959 1287 3013 Hmn.

552 3055 605 3090 a.
632 3037 755 3106 Igno
793 3051 1001 3090 cremato
1044 3039 1217 3110 tepide.
1264 3041 1344 3092 Ex
1374 3057 1483 3111 qno

467 3114 583 3167 calx
607 3115 855 3170 efficitur.
880 3118 1061 3172 Hnm.

550 3192 605 3247 3.
618 3195 897 3268 Eademque
906 3201 1127 3250 materia.
1138 3199 1215 3250 Ut
1225 3196 1295 3250 de
1312 3197 1485 3268 plum·

468 3273 539 3325 bo
560 3272 761 3328 dictum
780 3290 885 3342 est,
906 3277 1002 3329 lib.
1026 3277 1285 3341 XXXIII,
1307 3295 1353 3330 c.
1379 3283 1482 3346 ⁴7²

476 3378 501 3400 ι
531 3353 659 3425 Ejus
684 3357 778 3426 qui
808 3357 1015 3426 primus
1046 3357 1147 3409 fuit
1172 3357 1227 3408 in
1254 3355 1485 3408 fornaci-

468 3432 569 3486 bus
611 3435 811 3506 liquor,
854 3448 1101 3488 stannum
1148 3434 1444 3505 appellatur
1467 3455 1482 3487 ε

468 3512 561 3582 qui
584 3513 871 3578 secundus,
902 3526 1217 3584 argentum,
1244 3527 1345 3568 etc.
1366 3540 1387 3562 ι
1414 3513 1483 3566 Η.

548 3591 743 3646 LXIX.
787 3612 835 3648 1.
877 3591 952 3646 M.
1001 3593 1160 3644 Varro
1195 3603 1365 3644 auctor
1396 3605 1484 3647 est.

470 3672 597 3724 Duo
637 3685 903 3742 postrema
934 3672 1099 3725 verba
1140 3669 1393 3738 delenda,
1422 3691 1489 3726 ex

467 3751 665 3820 scripto
686 3749 899 3810 codice,
919 3752 1161 3822 sequitur
1178 3751 1319 3805 enim
1341 3751 1487 3805 illico

468 3831 695 3884 verbnm
720 3834 889 3902 inquit.
916 3832 1077 3886 Pnu.

548 3929 600 3963 a.
618 3911 967 3981 Liaeivuspom
986 3912 1216 3964 nudetur.
1235 3910 1487 3964 Lixivmn

465 3986 695 4042 cinerem
747 3981 985 4059 (Graecis
1034 3992 1197 4046 κονίαν
1248 3992 1439 4052 eur-in
1462 3982 1489 4060 )

1572 2899 1706 2952 aqua
1733 2897 1977 2950 coquere.
2020 2879 2188 2948 Lesa,
2220 2879 2314 2950 qui
2351 2879 2592 2933 officium

1571 2959 1831 3014 sustinent
1854 2976 2006 3031 aquae
2031 2957 2288 3012 vehendae
2313 2960 2591 3013 militibus.

1571 3041 1695 3102 lis,
1709 3039 1866 3102 cinis,
1878 3039 1962 3091 vel
1983 3039 2180 3090 humor
2195 3039 2360 3091 cineri
2378 3039 2596 3104 mixtus,

1570 3117 1734 3172 hodie
1749 3117 2010 3170 lixivium.
2026 3118 2248 3172 Nom—
2268 3117 2498 3184 Quidam
2520 3117 2595 3172 le·

1571 3212 1742 3268 gunt,
1789 3219 1812 3241 ι
1845 3195 1979 3249 Inde
2027 3199 2172 3250 enim
2219 3197 2353 3250 cinis
2406 3198 2598 3251 luxatis

1571 3289 1730 3348 potus
1765 3275 2030 3342 medetur,
2061 3291 2162 3330 etc.
2197 3301 2218 3324 ι
2255 3277 2485 3330 cinerem
2507 3277 2600 3329 hio

1572 3355 1814 3410 lixivium
1841 3366 2183 3427 exponentes.
2198 3355 2340 3410 Vide
2363 3355 2594 3409 Diction.

1572 3435 1846 3490 Constant.
1875 3437 1932 3488 in
1956 3453 2088 3488 voce
2113 3437 2272 3490 κονίει.
2299 3433 2598 3488 Dioscorid.

1573 3513 1641 3568 de
1694 3514 1878 3568 lixivio
1936 3512 2171 3586 idipoum
2229 3513 2468 3587 prodidit
2514 3515 2603 3568 his

1574 3595 1752 3649 verbio
1789 3613 1804 3649 :
1847 3595 2104 3656 ποτίζει-αι
2147 3597 2264 3665 πρὸς
2310 3593 2599 3664 πτώματα,

1579 3675 1837 3746 ῥήγματα,
1867 3676 2166 3744 Quianam,
2203 3691 2317 3744 cap.
2351 3672 2420 3724 de
2452 3673 2602 3727 Fico.

1575 3755 1775 3806 DAz-Rc.
1805 3785 1886 3794 —
1925 3754 2061 3807 Ciuis
2095 3753 2290 3804 laxati&
2329 3751 2416 3802 Sic
2454 3763 2607 3805 recte

1575 3835 1814 3886 Romana
1865 3845 2016 3886 vetus
2062 3830 2228 3883 editio
2277 3848 2292 3880 τ
2335 3849 2480 3894 non,
2537 3843 2602 3884 ut

1575 3913 1948 3984 Dnleoampius
1965 3949 1984 3976 ,
2031 3912 2150 3963 cinis
2208 3907 2400 3963 lixivus.
2449 3909 2606 3964 cinis

1575 3991 1768 4047 lixivm
1785 3991 2002 4055 dicitnr,
2021 4007 2134 4044 non
2152 3987 2288 4046 cinit
2303 3989 2419 4060 ipae
2437 3986 2604 4042 modo
