2975 4684
1048 400 1361 469 LIBER
1410 400 1773 469 XXXVI.

2328 404 2465 498 497

288 578 293 589 ·
350 533 589 629 gitudo
628 546 731 601 est
747 552 1074 601 ccccxxv
1099 530 1377 625 pedum,
1416 529 1697 600 latitudo
1731 530 2165 600 ducentorum
2205 534 2470 627 viginti,

352 639 678 709 columnae
719 651 984 707 centum
1023 637 1251 732 viginti
1288 651 1536 729 septem
1579 661 1620 704 a
1655 634 1923 730 singulis
1950 638 2214 729 regibus
2251 638 2474 723 factm,

358 768 453 813 Lx
476 743 723 839 pedum
750 740 1135 811 altitudine:
1174 768 1253 809 ex
1289 744 1368 810 iis
1396 766 1612 810 xxxvr
1651 739 1929 823 caelatae,
1959 730 2134 809 una*
2167 768 2205 811 a
2239 746 2470 837 Scopa

359 851 567 943 Operi
597 847 861 977 praefuit
883 832 1370 941 Chersiphron⁵
1408 847 1822 915 architectus.
1846 849 2116 915 Summa
2141 848 2476 933 miracula,
2515 892 2542 923 2

361 938 694 1048 epistylia⁶
736 967 935 1021 tantae
974 951 1161 1020 molis
1200 950 1405 1021 attolli
1461 955 1766 1045 potuisse.
1823 951 1902 1018 Id
1947 968 2339 1022 consecutus
2382 970 2484 1024 est

364 1058 469 1127 ille
505 1058 865 1129 aeronihus⁷
896 1081 1095 1127 arena
1134 1055 1376 1152 pleniS,
1416 1056 1599 1126 molli
1637 1042 1844 1125 clivo⁸
1891 1080 2085 1149 super
2121 1060 2338 1151 capita
2373 1086 2483 1129 co·

365 1163 739 1233 lumnamm
809 1178 1238 1257 exaggerem,
1306 1161 1621 1255 paulatim
1693 1163 2069 1231 exinaniens
2137 1164 2343 1241 imos,
2406 1179 2485 1232 ut

364 1272 606 1339 sensim
644 1268 849 1362 opus⁹
885 1271 952 1335 in
981 1266 1179 1338 cubili
1212 1265 1485 1335 sederet.
1527 1265 1928 1335 Difficillime
1951 1266 2082 1334 hoc
2113 1269 2392 1360 contigit
2416 1270 2482 1335 in

370 1373 589 1443 limine
628 1376 809 1465 ipso,
844 1372 1021 1465 quod
1058 1372 1309 1447 fo‘ribus
1343 1373 1744 1465 imponebat.
1779 1373 2038 1438 Etenim
2082 1396 2159 1439 ea
2202 1374 2483 1440 maxima
2523 1394 2554 1445 3

369 1477 575 1547 moles
614 1477 773 1546 fuit:
802 1500 925 1544 nec
964 1476 1130 1544 sedit
1166 1478 1235 1542 in
1267 1476 1501 1562 cubili,
1539 1478 1734 1543 anxio
1772 1475 2059 1559 artifice3
2107 1479 2338 1545 mortis
2369 1477 2488 1546 de·-

371 1643 594 1711 Dioge‘n.
611 1641 785 1693 Laert.
808 1638 861 1693 in
882 1638 1177 1711 Aristippo,
1200 1639 1293 1691 lib.
1313 1641 1387 1704 11,

373 1739 429 1790 p.
462 1722 550 1774 58.
574 1720 758 1772 Hann-

457 1806 509 1863 4.
533 1798 641 1851 Una
656 1818 686 1849 a
700 1796 873 1867 Scopa.
890 1795 1075 1860 Quum
1092 1797 1285 1867 Scopas
1302 1796 1393 1849 flo-

374 1878 543 1930 ruerit
561 1918 576 1942 ,
594 1890 653 1928 ut
673 1895 831 1946 supra
850 1874 1049 1927 dictum
1072 1888 1150 1927 est
1165 1914 1181 1939 ,
1206 1875 1393 1947 Olym-

376 1954 533 2027 piade
545 1973 786 2015 Lxxxvu,
804 1956 1059 2025 templum
1076 1972 1200 2006 vero
1217 1954 1394 2023 Ephe·

376 2034 559 2089 ninum
581 2031 856 2087 conditum
869 2034 935 2083 sit
948 2031 1267 2102 Olympiade
1284 2050 1393 2096 cvr,

382 2113 465 2169 Cl.
489 2114 966 2179 Wnccxmunc,
991 2110 1289 2163 Monumemi
1308 2115 1391 2162 in·

381 2194 523 2256 editi,
555 2204 684 2245 tom.
714 2193 769 2244 11
786 2227 803 2252 .,
824 2210 877 2262 p.
906 2208 1010 2260 ²7¹
1036 2228 1051 2254 ,
1079 2189 1396 2243 emendabat

384 2290 477 2322 uno
496 2290 523 2321 e
540 2290 714 2339 scapo,
752 2268 1023 2340 ingeniosa
1043 2270 1395 2333 correctione,

382 2348 475 2401 sed
492 2367 601 2401 non
615 2348 917 2401 necessaria.
939 2347 1119 2412 Quum
1140 2348 1397 2401 columna

388 2446 417 2479 a
450 2439 530 2481 tot
564 2426 773 2496 regibus
811 2427 918 2477 sint
942 2424 1101 2489 datae,
1136 2445 1231 2478 cur
1260 2444 1399 2478 unus

388 2525 499 2559 non
515 2503 725 2559 dederit
744 2506 1045 2557 columnam
1066 2518 1217 2557 antea
1231 2522 1259 2557 a
1278 2504 1403 2557 Sco-

387 2604 455 2657 pa
476 2586 706 2637 caelatam
722 2621 739 2648 ‚
767 2596 821 2635 et
846 2582 1109 2637 laudatam
1139 2584 1401 2654 praecipue

392 2665 465 2716 ob
491 2677 655 2716 artem
691 2676 743 2716 et
766 2662 1058 2717 artificem?
1078 2663 1165 2714 Ex
1196 2664 1402 2713 Broter.

392 2754 505 2793 not.
529 2740 595 2793 ad
618 2741 673 2793 h.
704 2742 805 2793 loc.
838 2742 941 2793 En.

478 2822 528 2871 5.
549 2820 700 2887 Operi
710 2820 910 2887 proesm'e
926 2818 971 2871 C
968 2817 1407 2887 bersiplamnPrio-

394 2894 471 2951 ris
488 2896 670 2965 templi
689 2896 1033 2948 architectum
1064 2897 1221 2949 fuisse
1240 2896 1409 2948 Cher·

395 2975 647 3046 siphrona
690 2973 877 3027 scribit
916 2972 1134 3045 quidem
1182 2974 1370 3027 Strabo
1391 2992 1404 3026 :

400 3057 513 3125 ejus
550 3066 725 3107 autem
750 3092 766 3115 ,
808 3050 955 3122 quod
994 3054 1061 3105 ab
1100 3054 1409 3107 Herostrato

398 3135 700 3197 incensum,
744 3130 1041 3185 restitutum
1066 3144 1170 3197 est,
1211 3132 1412 3186 Chero-

400 3224 583 3265 craten
616 3250 631 3275 ,
686 3207 1013 3263 Alexandria
1079 3209 1413 3282 designanda

402 3290 467 3344 ab
482 3288 780 3343 Alexandro
796 3290 1123 3359 praefectum.
1138 3290 1307 3354 Quem
1324 3291 1413 3343 hic

406 3370 757 3439 Chersiphrone
810 3381 990 3433 vooet,
1035 3368 1237 3421 Plinius
1290 3388 1413 3423 cum

406 3449 695 3512 Strabone,
721 3447 817 3499 lib.
839 3447 972 3513 vn,
1002 3465 1118 3517 cap.
1146 3446 1239 3516 37,
1263 3466 1415 3499 voca·

404 3526 483 3579 vit
511 3526 875 3598 Ctesiphontem.
905 3525 1105 3579 Damno.
1126 3556 1201 3568 -—-
1226 3526 1416 3578 Chersi-

398 3608 568 3676 phron.
598 3606 875 3677 Χιρσίφρων
910 3606 1105 3675 pariter
1138 3606 1419 3671 Straboni,

407 3686 500 3737 lib.
528 3686 678 3747 xw,
701 3704 756 3756 p.
782 3690 904 3748 640.
935 3683 1118 3737 Hann.

489 3764 541 3816 6.
566 3764 831 3835 Episqylia.
852 3764 1069 3833 Egimus
1092 3761 1161 3816 de
1178 3780 1238 3815 ea
1257 3781 1386 3816 voce
1403 3802 1419 3827 ,

406 3840 545 3893 libro
566 3860 680 3913 sup.
705 3861 817 3913 cap.
852 3848 942 3909 49.
964 3842 1141 3893 ΗΑιιο.

492 3938 543 3988 7.
574 3920 859 3973 AEmnihus.
883 3920 1159 3992 sportulis.
1194 3921 1273 3972 Ita
1293 3920 1419 3991 Reg-

420 4014 448 4046 2
466 4034 482 4055 ‚
514 3998 667 4051 colb.
694 4000 725 4052 3
744 4039 760 4063 ,
787 3999 998 4071 aliique.
1029 4000 1093 4052 In
1129 3997 1284 4053 editis
1304 4018 1425 4070 per-

560 4093 684 4161 IX.

1476 1660 1660 1712 peram
1694 1640 1918 1711 legitur,
1949 1641 2222 1711 peronibus.
2257 1644 2337 1695 De
2364 1662 2494 1695 εει-ο·

1475 1740 1587 1771 mem
1624 1739 1754 1773 voce
1782 1734 1834 1772 et
1863 1720 2156 1789 significatu
2186 1722 2304 1773 vide
2332 1721 2491 1774 Voss·

1474 1799 1532 1851 in
1557 1799 1857 1870 Etymolog.
1885 1799 2158 1851 Sententia
2197 1800 2356 1869 hujus
2388 1800 2494 1851 loci

1476 1890 1582 1941 est,
1617 1896 1772 1929 arena
1813 1880 1972 1931 saccis
2015 1891 2271 1931 convecta
2297 1880 2492 1931 excita·

1478 1968 1592 2007 tum
1649 1956 1839 2008 collem
1891 1957 2048 2007 fuisse
2065 1994 2081 2020 ,
2122 1956 2214 2025 qui
2261 1974 2495 2009 summae

1478 2036 1752 2087 columnas
1779 2032 2089 2086 excederet:
2129 2052 2225 2103 per
2251 2052 2372 2085 eum
2400 2034 2496 2085 cli-

1476 2130 1603 2165 vum
1633 2112 1875 2181 epistylia
1889 2113 2061 2164 attolii
2083 2113 2138 2163 in
2162 2114 2325 2165 altum
2345 2112 2498 2166 facile

1478 2192 1714 2263 potuisse
1744 2212 1755 2242 :
1789 2204 1902 2242 tum
1931 2192 2000 2243 ab
2033 2192 2142 2243 imo
2169 2192 2497 2245 exinanitum

1480 2270 1668 2323 collem
1691 2270 1850 2322 fuisse
1864 2307 1881 2333 .,
1896 2269 2150 2339 quamdiu
2165 2268 2369 2323 sederet
2388 2272 2499 2340 epi-

1481 2349 1700 2419 stylium
1742 2350 1798 2400 in
1828 2350 2088 2401 columnae
2119 2350 2315 2412 abaco,
2347 2348 2499 2418 quod

1481 2444 1642 2481 suum
1667 2440 1778 2479 erat
1809 2426 2056 2497 epistylio
2093 2428 2287 2480 cubile.
2320 2428 2391 2480 Η.

1568 2509 1623 2560 8.
1663 2505 1808 2557 Molli
1845 2506 1980 2557 clivo.
2016 2508 2104 2559 Sic
2148 2506 2298 2559 MSS.
2341 2523 2502 2576 supra

1484 2582 1707 2637 laudati.
1726 2583 1873 2635 Libri
1893 2585 2091 2654 vulgati
2104 2624 2119 2647 ,
2143 2588 2278 2637 molli
2285 2588 2503 2655 pulviae.

1488 2660 1658 2732 Apud
1690 2661 1914 2725 Quintil.
1939 2662 2033 2716 lib.
2061 2664 2201 2727 ΧΠ,
2232 2682 2348 2735 cap.
2391 2683 2457 2717 ro
2485 2684 2500 2717 :

1498 2768 1521 2787 ι
1543 2740 1816 2792 Mollietur
1853 2740 2002 2792 clivis
2041 2741 2228 2793 elatius
2257 2744 2446 2796 solum.
2473 2770 2495 2791 a.

1492 2819 1602 2871 Ubi
1620 2817 1778 2870 hodie
1800 2836 2076 2888 perperam
2099 2818 2311 2888 legitur,
2337 2848 2358 2868 ι
2372 2822 2508 2873 Mol-

1492 2898 1650 2951 lietur
1675 2896 1822 2951 dives
1847 2910 1899 2949 et
1920 2896 2086 2949 letius
2099 2898 2295 2951 colum.
2317 2924 2340 2944 ι
2371 2902 2506 2952 Sunt

1495 2978 1587 3049 qui
1627 2975 1836 3047 legant,
1883 3000 1906 3022 a
1936 2975 2210 3027 Mollietur
2253 2977 2418 3029 clivus
2457 2991 2509 3031 et

1495 3056 1682 3109 elatius
1707 3051 1897 3108 solum.
1919 3078 1940 3101 ι
1973 3054 2157 3107 Ηηιυ.

1577 3152 1633 3202 9.
1682 3134 1835 3203 Opus.
1855 3133 2024 3195 ,Libri
2063 3133 2313 3188 hactenus
2346 3134 2504 3199 editi,
2569 3136 2578 3149 ‘

1505 3239 1528 3261 ι
1553 3226 1612 3265 ut
1631 3212 1822 3265 sensim
1847 3225 2014 3267 totum
2040 3211 2306 3266 insideret.
2329 3240 2351 3261 ι
2379 3218 2507 3286 Reg.

1505 3312 1533 3345 2
1552 3329 1569 3355 ,
1598 3318 1620 3339 ι
1639 3304 1698 3344 ut
1723 3292 1914 3345 sensim
1941 3304 2116 3344 motus
2130 3293 2187 3346 in
2217 3294 2336 3346 colo
2364 3290 2511 3347 sede·

1497 3384 1598 3424 ret.
1624 3397 1646 3418 a·
1682 3371 1960 3424 Saimaaius
1983 3371 2038 3423 in
2069 3370 2233 3425 Solin.
2269 3390 2324 3442 p.
2371 3372 2482 3425 818
2495 3408 2509 3431 ‚

1508 3475 1531 3497 ι
1554 3450 1719 3503 moles
1765 3450 1820 3502 in
1859 3450 2024 3503 cubili
2057 3450 2291 3514 sederet,
2319 3475 2341 3495 n
2377 3450 2514 3500 forte

1502 3531 1750 3599 quoniam
1769 3530 2038 3601 sequitur:
2055 3552 2076 3573 α
2089 3528 2298 3583 Etenim
2319 3544 2378 3577 ea
2407 3544 2516 3578 ma-

1505 3608 1646 3661 xima
1661 3609 1824 3661 moles
1839 3608 1936 3661 suit
1947 3626 1960 3659 :
1971 3626 2070 3660 nec
2081 3607 2214 3661 sedit
2225 3606 2278 3657 in
2294 3603 2512 3656 cubili..

1509 3686 1674 3756 Apud
1707 3686 2044 3748 Vitruvium,
2071 3686 2164 3737 lib.
2191 3684 2275 3742 11,
2300 3700 2417 3751 cap.
2453 3686 2513 3745 8,

1505 3784 1560 3835 p.
1589 3768 1658 3819 28
1675 3806 1690 3831 ,
1714 3766 1890 3817 cubitia
1916 3761 2152 3833 lapidum
2169 3797 2185 3823 ‚
2218 3774 2272 3813 et
2290 3761 2381 3812 lib.
2417 3762 2518 3825 IV,

1509 3862 1628 3913 cap.
1661 3864 1688 3897 2
1709 3883 1726 3906 ,
1749 3862 1867 3915 pag.
1905 3841 1976 3899 64
1997 3880 2014 3902 ,
2053 3844 2288 3909 tignorum
2313 3840 2514 3904 cubilae'a,

1511 3922 1608 3975 ubi
1629 3921 1832 3992 lapidea
1853 3934 1905 3973 et
1931 3920 2076 3990 tigna
2101 3915 2283 3971 sedent
2317 3932 2372 3971 et
2400 3936 2525 3973 con-

1512 4002 1810 4071 quiescunt.
1839 4001 2014 4051 Hann.

2203 4093 2288 4163 32
