2975 4684
433 352 570 441 432
973 346 1998 415 c.PL1N11NAT.H1sT.

368 522 398 573 3
434 487 746 583 proximae
767 504 963 575 rupes
986 494 1328 565 cavantur,
1351 494 1426 547 ut
1446 478 1713 547 bibatur
1730 462 1969 574 glacie⁵
1976 478 2245 545 .Secum
2274 478 2551 571 quisque

435 594 710 687 cogitet,
754 611 956 680 quum
993 586 1202 681 pretia
1241 586 1483 653 horum
1524 583 1779 670 audiat,
1821 608 2024 677 quum
2060 582 2211 650 vehi
2248 582 2553 677 trahique

416 694 640 765 ‘moles
667 693 917 777 videat,
943 710 1138 785 quam
1167 692 1306 759 sine
1330 691 1432 759 his
1451 688 1815 759 multorum
1845 690 2043 757 suerit
2063 688 2317 756 beatioi
2328 672 2353 711 ⁶
2376 692 2548 756 vita:

439 805 557 871 ista
579 797 850 881 facere⁷,
873 798 1076 865 immo
1091 796 1454 889 veriuspati
1474 793 1805 875 mortaleS,
1822 819 1988 887 quos
2011 793 2096 863 ob
2122 816 2554 923 usus,quasve

441 906 524 975 ad
545 904 917 999 voluptates
950 900 1139 988 alias,
1161 902 1284 971 nisi
1311 916 1385 971 ut
1412 903 1581 970 inter
1602 899 1891 970 maculas
1913 898 2201 993 lapidum
2226 899 2487 992 jaceant
2502 886 2557 967 ⁸?

441 1036 564 1080 ceu
602 1034 762 1079 vero
794 1033 930 1076 non
966 1006 1252 1075 tenebris
1289 1008 1583 1076 noctium
1626 1006 1909 1075 dimidiae
1945 1006 2119 1099 parti
2153 1008 2302 1074 vitae
2342 1004 2558 1097 cujus-

441 1142 570 1210 que
606 1115 844 1211 gaudia
884 1114 1022 1182 haec
1061 1112 1528 1181 auferentibus,

544 1224 632 1290 11.
679 1223 920 1315 Ingens
963 1220 1084 1287 ista
1119 1232 1536 1312 reputantem
1584 1216 1759 1287 subit
1786 1218 1982 1285 etiam
2010 1216 2416 1344 antiquitatis
2452 1240 2558 1283 ru-

441 1330 581 1397 bor.
619 1322 948 1395 Exstant¹
995 1325 1308 1395 censoriae
1353 1322 1528 1419 leges
1548 1375 1567 1410 ,
1602 1321 1864 1417 glandia
1913 1324 1981 1390 in
2030 1318 2269 1409 coenis²
2276 1372 2295 1408 ‚
2330 1319 2555 1414 glires·

441 1520 532 1573 cis.
556 1544 578 1566 n
599 1518 720 1571 Lib.
747 1517 900 1582 XIV,
921 1533 1037 1587 cap.
1063 1523 1132 1581 4·
1119 1556 1132 1567 .
1161 1542 1183 1563 ι
1207 1515 1328 1569 Νοιι
1351 1534 1461 1570 ιιιιι-

1625 1534 1679 1586 7.
1708 1515 1799 1568 Ad
1821 1534 2051 1587 quamque
2074 1516 2321 1567 multorum
2346 1534 2478 1566 neces
2493 1518 2561 1567 sie

441 1599 519 1651 ria
546 1594 665 1669 plus
693 1608 954 1651 temerata.
975 1596 1216 1648 conferre
1257 1614 1461 1649 merca-

441 1678 575 1740 tori,
605 1694 712 1729 non
755 1676 811 1727 in
843 1675 1092 1727 Rubrum
1134 1674 1280 1727 littus
1305 1674 1459 1727 Indi-

442 1775 632 1809 cumve
657 1772 858 1807 merces
878 1754 1084 1824 petitas.
1107 1778 1130 1800 ι
1156 1752 1224 1804 Et
1240 1754 1344 1805 hoc
1363 1754 1456 1806 lib.

445 1834 687 1886 XXXVI
704 1872 719 1897 ,
742 1851 855 1902 cap.
879 1834 940 1882 6:
967 1856 990 1877 α
1015 1832 1150 1884 Nam
1172 1830 1230 1886 id
1246 1850 1462 1901 quoque

445 1912 658 1966 accessit
671 1947 688 1972 ,
720 1923 779 1962 ut
801 1909 870 1962 ad
889 1909 1163 1978 AEthiopas
1189 1927 1356 1979 usque
1373 1928 1464 1979 pe·

445 2001 686 2054 teretur,
723 1985 868 2058 quod
919 1988 1111 2040 faceret
1151 2003 1459 2039 marmora:

447 2068 614 2121 immo
641 2086 768 2120 vero
809 2066 968 2119 etiam
1008 2065 1066 2117 in
1099 2058 1293 2124 In'dos.
1320 2064 1462 2117 unde

448 2148 756 2217 margaritas
782 2162 999 2216 quoque
1015 2182 1031 2208 ,
1064 2156 1162 2197 etc.
1186 2170 1207 2190 ι
1255 2142 1343 2196 Sic
1369 2161 1462 2195 au-

449 2239 556 2279 tem
575 2224 1054 2293 nostri,praesertim
1070 2222 1330 2293 optimu-⁶23
1354 2240 1462 2274 non

447 2301 872 2358 secaret.Videtur
885 2313 1058 2353 autem
1081 2299 1422 2354 scribendum
1447 2323 1459 2353 :

449 2384 580 2458 quod
603 2384 834 2434 laceraret
871 2398 1120 2433 marmor-a.
1167 2380 1350 2433 Gaon.
1384 2411 1464 2424 --·

455 2465 558 2514 Vas
579 2465 776 2532 petitur.
800 2459 1074 2523 Quaeritur
1101 2478 1188 2513 vas
1206 2460 1464 2531 crystalli-

449 2560 607 2602 num,
642 2542 696 2592 in
728 2538 986 2591 montium
1017 2538 1183 2609 jugis,
1215 2558 1333 2611 quae
1363 2558 1465 2593 nu·

420 2613 426 2618 ’
449 2622 557 2674 bila
585 2620 920 2691 contingunt.
944 2618 1128 2672 mnu.

534 2701 588 2753 5.
615 2698 805 2753 Gtacte.
840 2697 976 2749 Nam
1022 2695 1324 2768 crystallum
1355 2698 1465 2767 gla-

449 2779 582 2832 ciem
591 2790 892 2831 concretam
902 2776 1194 2829 multorum
1205 2796 1464 2829 annorum

449 2858 619 2929 spatio
649 2870 704 2910 et
742 2856 1054 2909 saeculorum
1085 2874 1198 2909 aevo
1235 2856 1467 2910 credidit

449 2937 676 2990 ‘Plinius-
705 2938 904 2991 DALBG·
1047 2986 1052 2993 .

531 3020 582 3070 6.
617 3016 720 3067 Sed
742 3027 792 3066 ee
821 3034 962 3087 quam
991 3017 1092 3067 sine
1115 3014 1189 3067 his
1215 3016 1464 3067 multorum

441 3096 599 3162 suerit
625 3094 808 3147 beatior
833 3097 944 3144 vita
963 3084 1074 3160 (sic
1092 3092 1293 3165 prius).
1321 3095 1466 3147 Mul

453 3186 632 3237 torum,
662 3181 759 3225 τῶν
785 3180 1005 3237 πολλῶν,
1029 3174 1190 3244 vulgi.
1212 3174 1466 3239 Quamvis

453 3250 719 3305 interdum
764 3251 1069 3305 dubitabam
1089 3290 1107 3317 ,
1155 3270 1222 3305 an
1278 3252 1464 3306 fuisset

455 3343 714 3394 mutorum,
740 3348 938 3401 nempe
965 3331 1331 3384 animantium.
1362 3332 1465 3383 Ista

444 3412 640 3479 facere,
673 3409 756 3461 vel
804 3422 864 3461 ut
912 3412 1075 3460 ‘uerius
1121 3408 1292 3461 dicam
1315 3451 1333 3474 ,
1356 3414 1468 3479 pati

452 3489 653 3543 'scilicet
682 3486 840 3539 etiam
885 3490 1062 3555 cogitet
1077 3527 1092 3549 ‚
1131 3489 1338 3541 nullum
1368 3490 1467 3542 ho-

455 3588 585 3622 num
613 3567 684 3620 ob
710 3583 890 3629 usum,
917 3564 1010 3618 sed
1039 3577 1096 3617 ut
1122 3565 1262 3618 inter
1294 3584 1470 3619 macu-

455 3648 532 3699 las
555 3646 767 3700 cubent.
795 3647 875 3697 De
901 3650 972 3713 τῷ
1013 3648 1173 3704 verius
1198 3643 1319 3697 vide
1351 3662 1470 3716 quo

456 3738 702 3779 notamus
713 3723 780 3777 ad
794 3723 934 3777 Livii
954 3723 1050 3775 lib.
1069 3724 1349 3793 XXI,cap.
1378 3743 1400 3776 1
1413 3729 1468 3790 6,

456 3804 512 3855 in
541 3803 835 3858 Addendis.
874 3803 1057 3856 Gnon.
1081 3836 1162 3845 -
1198 3802 1464 3857 Multorum

455 3880 606 3936 Hanc
635 3900 820 3937 vocem
851 3884 1004 3938 Brot.
1030 3900 1094 3935 ex
1119 3882 1271 3937 MSS.
1298 3884 1463 3955 Regg.

341 3982 350 3993 ·
461 3978 514 4023 3,
541 3960 594 4022 3,
621 3963 652 4015 5
666 4002 682 4027 ,
702 3974 756 4015 et
777 3960 904 4017 edit.
925 3963 1098 4033 princ.
1119 3963 1334 4018 omittit.
1359 3962 1464 4017 En.

1544 1615 1725 1647 neeesse
1768 1596 1863 1645 ista
1880 1596 2050 1661 facere
2094 1585 2206 1662 (sic
2254 1584 2452 1664 prius).
2494 1596 2555 1647 In

1545 1674 1739 1744 scripto
1770 1672 1976 1738 codice,
2004 1692 2129 1725 cum
2150 1692 2351 1744 majore
2368 1674 2561 1735 littera

1544 1754 1851 1819 lausaim-e,
1866 1752 2067 1823 reliqua
2083 1754 2260 1805 omnia
2286 1752 2343 1804 in
2367 1771 2431 1805 eo
2450 1771 2559 1805 non
2664 1802 2677 1819 ,

1545 1832 1837 1892 hahentur,
1868 1842 1928 1881 ut
1971 1830 2211 1883 videatur
2250 1831 2559 1884 exclamatio

1546 1927 1610 1960 ex
1636 1908 1867 1977 abrupto
1894 1907 2112 1960 nimiam
2146 1909 2219 1960 ob
2244 1908 2561 1975 indignatio·

1546 2004 1687 2038 nem.
1730 1986 1888 2037 Pnrr.
1912 2014 1993 2025 -—
2012 1986 2155 2039 Brot.
2188 2005 2255 2039 ex
2282 1988 2407 2055 neg.
2436 1984 2555 2039 cod.

1552 2064 1581 2117 5
1612 2076 1662 2115 et
1687 2062 1811 2117 edit.
1841 2069 2013 2134 princ.
2045 2066 2117 2116 ad
2134 2084 2275 2137 quam
2310 2066 2561 2117 multorum

1547 2162 1679 2195 neces
1716 2146 1779 2194 sic
1830 2162 2011 2194 necesse
2054 2144 2311 2209 restituit3
2337 2156 2388 2196 et
2435 2162 2562 2197 mox

1549 2226 1643 2274 imo
1689 2220 1869 2275 delet:
1914 2233 2116 2291 puncto
2161 2222 2287 2277 item
2338 2236 2457 2294 post
2504 2226 2561 2277 τὸ

1549 2302 1769 2354 mortales
1799 2301 1994 2371 posito-
2030 2303 2133 2357 En.

1631 2382 1685 2436 8.
1724 2381 1945 2435 Jaceane.
1988 2380 2227 2447 Cubent,
2271 2380 2561 2435 dorminut-

1548 2478 1651 2531 que
1687 2480 1699 2510 :
1738 2457 1959 2532 perinde
1998 2461 2147 2532 quasi
2170 2480 2296 2513 -non
2326 2460 2567 2514 detrahat

1547 2540 1662 2591 haec
1680 2538 1869 2609 gaudia
1889 2558 1997 2592 nox
2016 2538 2253 2593 dimidiae
2279 2540 2412 2610 parti
2436 2540 2560 2592 vitae

1550 2619 1969 2691 uniuscujusque
1986 2631 2248 2674 nostrum.
2272 2619 2453 2672 Hum-

1627 2698 1700 2751 ΙΙ.
1761 2718 1810 2753 ι.
1870 2699 2085 2751 Exstant
2138 2703 2365 2751 censoria
2420 2699 2563 2767 leges.

1548 2778 1667 2831 Jam
1711 2796 1871 2848 supra
1909 2775 2138 2831 laudatae
2172 2778 2373 2843 Plinio,
2394 2778 2467 2830 Vl
2480 2779 2563 2841 11,

1553 2859 1645 2911 83.
1682 2856 1862 2910 Hum.

1634 2955 1687 2989 3.
1736 2934 1957 2990 Οἱαιιᾰία
1996 2938 2046 2987 in
2088 2938 2249 2989 coem’s.
2276 2934 2565 2991 Glandium

1548 3014 1847 3069 Priscianus
1890 3028 2096 3086 partem
2138 3034 2249 3068 esse
2291 3015 2567 3069 intestino·

1548 3112 1669 3147 rum
1696 3104 1863 3163 putat.
1895 3094 2091 3147 Verius
2137 3094 2255 3159 alii,
2295 3095 2475 3147 tubera
2508 3094 2565 3146 in

1548 3188 1736 3239 carne,
1761 3190 1857 3227 ceu
1878 3172 2178 3245 glandulas,
2204 3173 2489 3244 prasertim
2509 3171 2567 3224 in

1548 3271 1681 3322 apro
1702 3252 1841 3305 circa
1864 3254 2153 3319 cervicem,
2173 3254 2266 3306 ubi
2287 3266 2409 3305 sunt
2428 3253 2571 3322 glan-

1551 3329 1707 3385 dulae.
1750 3320 1875 3385 Hac
1913 3331 2057 3384 enim
2100 3332 2258 3402 hujus
2296 3331 2445 3385 vocis
2482 3348 2570 3381 ac-

1552 3411 1727 3481 ceptio
1748 3424 1826 3464 est
1846 3410 2263 3481 apudPlinium,
2288 3410 2445 3471 XVI,
2472 3406 2565 3476 73.

1551 3490 1764 3545 Plaut.'
1750 3508 1803 3542 ιιι
1828 3490 2091 3557 Capt.act.
2110 3490 2210 3553 IV,
2238 3506 2311 3539 sc.
2340 3492 2442 3549 4·«
2390 3526 2403 3537 .
2421 3484 2571 3537 «Ad-

1552 3567 1771 3621 veniens
1796 3566 2100 3621 deturbavit
2119 3580 2291 3620 totum
2309 3582 2430 3617 cum
2455 3583 2571 3617 car-

1556 3665 1625 3699 ne
1653 3646 1988 3713 carnarium,
2020 3646 2266 3717 Arripuit
2303 3642 2567 3715 gladium,

1554 3727 1927 3797 praetruncavit
1942 3726 2115 3780 tribus
2126 3724 2421 3795 tergoribus
2432 3722 2574 3792 glan-

1552 3804 1707 3859 dia.-
1744 3806 1850 3858 Et
1835 3824 1894 3858 m
1919 3805 2139 3861 Curcul.
2168 3816 2269 3857 act.
2294 3802 2372 3859 11.
2404 3819 2474 3853 sc.
2508 3821 2571 3866 3,

1554 3903 1605 3937 v.
1639 3890 1757 3948 44ε
1792 3887 2116 3946 ΜΡοτιιιιιιι
2146 3880 2443 3946 abdomen,
2480 3899 2572 3935 su-

1554 3980 1709 4029 men,
1734 3964 1841 4019 suis
1864 3961 2159 4036 glandium.
2194 3988 2217 4011 ι
2250 3960 2433 4015 Halm.
