2975 4684
1123 275 1430 343 LIBER
1481 269 1860 342 XXXIII.

2466 268 2555 366 87

415 403 832 494 animalibus,
851 406 970 474 sed
993 406 1282 475 maxime
1309 405 1603 476 canibus.
1631 408 1887 474 Aurum
1918 417 2405 498 argentumque
2426 429 2560 500 quo

415 509 709 598 ιιιοΠίιιε,
745 537 828 582 eo
864 510 1222 607 pulchrius.
1263 511 1548 582 Lineas⁹
1576 536 1659 580 ex
1696 524 1973 606 argento
2020 510 2245 605 nigras
2278 511 2561 606 produci

419 616 714 712 plerique
745 620 1088 689 mirantur.

523 727 820 795 XXXII.
847 728 971 795 Est
992 740 1060 796 et
1083 724 1296 820 lapis
1277 751 1348 794 ιιι
1369 725 1478 794 his
1513 725 1735 807 veniit,
1778 723 1967 818 cujus
1990 725 2251 794 vomica
2265 722 2561 856 ³liquoris
2602 751 2625 784 1

425 831 690 900 aetemi¹
729 845 1080 970 argentum
1135 832 1366 902 vivum
1418 828 1829 927 appellatur²
1852 857 1871 916 3
1913 815 2289 900 venenum³
2334 855 2563 902 rerum

423 941 740 1008 omnium.
775 927 1020 1008 Exest⁴
1047 962 1126 1008 ac
1161 940 1536 1034 perrumpit
1573 961 1734 1008 vasa
1770 961 2170 1033 permanans
2211 935 2363 1006 tabe
2390 936 2559 1008 dira.

426 1030 704 1114 Omnia⁵
735 1047 800 1115 ei
828 1047 1166 1132 innatant,
1201 1059 1444 1140 praeter
1457 1070 1752 1115 aurum:
1790 1044 1859 1115 id
1884 1069 2095 1114 unum
2130 1043 2217 1113 ad
2238 1069 2311 1117 se
2335 1044 2562 1116 trahit.

425 1235 698 1292 argentum
727 1222 1044 1289 effoditur‚'
1029 1243 1086 1277 ιιι
1111 1221 1447 1286 Macedonia,

427 1299 603 1354 dictus
633 1322 664 1357 a
696 1301 951 1357 fodiendo
979 1322 993 1356 ε
1017 1322 1249 1375 namque
1278 1321 1450 1375 grece

429 1381 664 1436 σκάπτω
702 1381 942 1436 effodere
987 1380 1190 1436 dicunt.
1244 1383 1450 1435 Lucre·

431 1460 566 1514 tius:
588 1462 777 1527 Quales
796 1463 1007 1531 expiret
1023 1461 1312 1532 acapteayla
1331 1461 1455 1513 sub-

429 1553 514 1594 ter
555 1539 759 1594 odores.
792 1566 815 1588 ι
863 1543 909 1593 A
952 1541 1194 1594 σκάπτειν
1235 1552 1289 1594 et
1329 1539 1418 1596 ὕλη
1437 1577 1453 1604 ‚

435 1637 560 1690 qun
585 1636 734 1672 voees
761 1619 820 1672 in
846 1635 1011 1672 unam
1035 1617 1307 1684 conflato,
1339 1637 1452 1672 ma-

435 1697 625 1751 teriam
654 1698 876 1752 fossilem
898 1712 1114 1764 sonant,
1131 1698 1192 1752 fit
1217 1703 1456 1754 Σκαπτη-

437 1779 594 1842 σὺλη,
618 1775 688 1830 de
713 1796 812 1848 qua
841 1777 1157 1848 Stephanus.
1184 1777 1369 1832 Hann.
1375 1811 1455 1821 —

441 1857 652 1912 Odor..
682 1859 911 1912 maus.
943 1859 1085 1912 Vere
1124 1856 1344 1930 quidem
1381 1857 1454 1910 ob

435 1935 758 1996 arsenicum,
776 1939 818 1990 l·
817 1957 974 1990 arsem
966 1940 1018 1990 'c.
1041 1939 1208 1992 naor.

518 2036 573 2086 9.
643 2018 826 2072 Lim.
891 2017 1081 2072 Isidor.
1129 2018 1296 2083 XVI,
1361 2021 1453 2073 18.

439 2097 642 2150 Plinius
659 2097 774 2168 ipse
801 2115 948 2169 supra
977 2117 1044 2168 ¹9
1071 2116 1085 2150 ε
1125 2123 1148 2146 ι
1171 2098 1355 2164 Quum
1371 2116 1454 2152 ar-

439 2189 631 2248 gemo,
677 2195 812 2242 κιο,
847 2178 1105 2249 plumbo,
1140 2179 1294 2232 lineae
1329 2197 1458 2252 pro-

439 2254 718 2310 ducantur.
747 2282 770 2304 n
795 2255 975 2312 Eum.

519 2335 752 2390 XXXII.
788 2354 811 2387 ι
825 2376 837 2388 .
859 2337 1011 2408 Cujus
1035 2340 1228 2390 vomica
1259 2337 1459 2411 liquoris

442 2419 628 2468 oeteme'.
650 2415 758 2482 Qui
791 2415 928 2470 rudit
953 2435 1015 2471 ac
1038 2416 1206 2470 vomit
1229 2435 1290 2470 ex
1317 2437 1372 2472 se
1395 2417 1461 2470 li-

443 2513 662 2568 quorem
687 2514 972 2568 numquam
1001 2510 1428 2552 concrescentem
1442 2535 1462 2562 ‚

443 2573 536 2630 sed
567 2587 822 2648 perpetuo
849 2573 1092 2630 fluidum.
1117 2577 1298 2630 Iliun.

530 2674 580 2708 a.
639 2657 904 2724 Argrmum
952 2661 1114 2710 vis-um
1167 2657 1457 2728 appellatur.

447 2735 748 2805 Argentum
765 2735 944 2787 vivum
964 2731 1210 2800 (Aristot.
1234 2733 1304 2790 de
1329 2737 1462 2789 Ani-

451 2831 571 2877 ma,
595 2813 689 2866 lib.
713 2813 740 2864 1
755 2849 772 2875 ‚
791 2814 988 2886 ἄργυρος
1011 2817 1157 2883 χυτὸς
1180 2813 1200 2878 )
1225 2812 1422 2888 duplex
1445 2832 1460 2868 τ

449 2891 677 2946 alterum
725 2892 954 2946 ntivum
971 2933 988 2958 ,
1037 2893 1262 2947 alterum
1311 2895 1461 2952 facti-

453 2972 607 3028 tium.
655 2971 899 3025 Natimm
941 2991 1157 3046 quoque
1201 2972 1399 3047 duplex
1439 2997 1452 3028 ι

447 3053 672 3108 alterum
691 3051 984 3106 Dionoridi
1005 3071 1102 3124 per
1119 3071 1173 3107 se
1199 3053 1254 3106 in
1281 3055 1463 3110 metal-

451 3133 518 3186 lis
567 3131 842 3204 reperitur.
897 3131 1074 3186 Plinio
1129 3133 1337 3188 vomica
1385 3147 1464 3188 est

451 3213 675 3284 liquoris
693 3213 895 3278 aterni,
921 3213 1134 3268 fluentis
1157 3231 1187 3266 e
1209 3211 1388 3286 lapide
1406 3212 1464 3268 in

451 3293 602 3347 venis
629 3291 747 3345 auri
775 3301 829 3344 et
846 3294 1050 3365 argenti
1077 3315 1091 3346 :
1114 3293 1370 3348 Vitruvio
1393 3293 1465 3348 ad

449 3373 630 3446 plagae
671 3373 1112 3428 ferramentorum
1129 3414 1143 3439 ,
1196 3372 1328 3426 dum
1376 3392 1465 3427 an·

450 3453 614 3508 thrax
632 3449 857 3518 foditur,
875 3453 1136 3508 emittitur
1156 3454 1322 3524 guttis
1350 3472 1467 3506 cre·

451 3533 600 3587 bris:
641 3533 868 3586 alterum
891 3533 952 3586 in
985 3545 1121 3586 tecto
1157 3531 1466 3586 fodinarum

455 3612 659 3684 argenti
679 3611 907 3666 stillatim
923 3613 1217 3666 concrescit
1242 3612 1466 3665 Diosco-

1537 1223 1715 1276 arenia
1745 1221 2055 1294 permixto:
2090 1240 2155 1274 ex
2178 1222 2445 1287 anthrace,
2464 1221 2567 1275 Vi-

1541 1302 1743 1364 truvio,
1768 1319 1906 1355 vena
1941 1300 2099 1354 ferrei
2125 1313 2217 1354 aut
2244 1300 2453 1355 subrufi
2477 1320 2569 1356 co-

1539 1380 1699 1444 loris,
1720 1400 1839 1452 quae
1865 1381 2005 1434 circa
2040 1397 2099 1434 se
2130 1380 2363 1434 rubrum
2387 1380 2570 1452 pulve-

1542 1477 1658 1512 rem
1678 1461 1857 1513 habet.
1884 1461 1979 1513 Est
1997 1471 2171 1512 autem
2192 1470 2249 1512 et
2268 1477 2329 1513 ea
2356 1477 2571 1531 quoque

1544 1537 1699 1592 minii
1739 1556 1923 1610 genus.
1978 1538 2116 1592 Suus
2164 1556 2329 1610 porro
2376 1538 2573 1593 modun

1542 1617 1861 1672 conficiendi
1884 1629 1959 1672 est
1981 1617 2234 1670 Vitruvio
2248 1657 2267 1684 ,
2301 1636 2427 1671 mua
2446 1618 2574 1671 Dio-

1544 1696 1770 1758 scoridi,
1818 1685 1913 1751 set’l
1954 1696 2115 1750 simili
2159 1697 2272 1751 fere
2308 1696 2575 1752 industria

1543 1795 1737 1850 nempe
1757 1777 1923 1831 minio
1945 1777 2187 1830 calfacto.
2212 1778 2569 1848 Dan—Arg.

1543 1861 1727 1912 vivum,
1743 1857 1915 1910 Nobis
1930 1896 1945 1922 ,
1964 1857 2189 1909 Met-cure
2208 1857 2355 1924 natas.
2372 1858 2455 1910 De
2471 1857 2573 1928 hy-

1542 1935 1804 2010 drargyro
1825 1936 2019 1990 Noster
2036 1936 2143 2008 agit
2158 1936 2256 1990 inf.
2276 1954 2325 1991 c.
2348 1941 2381 1999 4
2394 1954 2417 1990 1
2430 1976 2442 1989 .
2466 1935 2571 1990 En.

1630 2017 1681 2071 3.
1733 2017 1995 2070 Venenum.
2049 2017 2347 2086 Argentum
2386 2017 2574 2069 vivum

1542 2097 1860 2169 appellatur,
1876 2115 2043 2168 quum
2063 2096 2131 2149 sit
2148 2109 2410 2149 venenum
2436 2114 2450 2148 :
2472 2115 2575 2150 nec

1545 2178 1705 2230 vitam
1728 2216 1743 2242 ,
1764 2174 1857 2230 sed
1884 2195 2069 2230 necem
2091 2174 2297 2230 afferat.
2320 2175 2572 2229 Dioscor.

1546 2255 1621 2323 V,
1654 2276 1759 2314 ιιο
1790 2275 1805 2308 ²
1847 2283 1869 2305 ι
1898 2257 2035 2310 Sunt
2075 2267 2129 2308 et
2165 2256 2258 2327 qui
2298 2268 2574 2326 argentum

1550 2335 1733 2389 vivum
1753 2376 1769 2403 ,
1789 2337 1972 2408 inquit
1990 2372 2007 2400 ‚
2031 2353 2131 2406 per
2164 2353 2275 2388 sese
2302 2333 2359 2386 in
2387 2334 2576 2388 metal-

1544 2415 1613 2469 lis
1638 2417 1865 2470 inveniri
1890 2415 2180 2469 affirment.
2206 2440 2231 2462 ιι
2268 2413 2455 2468 Ηιιιιι.
2494 2445 2576 2458 -

1554 2495 1820 2550 Venenum.
1854 2497 2148 2567 Argentum
2179 2494 2362 2548 vivum
2393 2512 2493 2564 per
2519 2512 2577 2547 se

1552 2593 1817 2628 venenum
1834 2593 1943 2628 non
1966 2587 2071 2638 eet,
2088 2573 2293 2646 quippe
2311 2571 2461 2647 quod
2480 2573 2577 2626 im-

1550 2673 1697 2727 pune
1724 2652 1864 2708 sumi
1894 2655 2040 2707 intus
2069 2653 2271 2725 possit3
2318 2651 2415 2707 aed
2444 2653 2579 2706 cale·

1550 2733 1677 2790 facti
1712 2734 1911 2788 metalli
1943 2751 2167 2804 vapores
2194 2731 2577 2800 inimicissimi,

1551 2815 1689 2868 sicut
1728 2825 1784 2868 et
1829 2815 2164 2878 substantio,
2204 2830 2335 2884 quaa
2380 2812 2573 2878 otides,

1549 2893 1775 2948 sublimis
1789 2931 1807 2959 ,
1846 2906 1947 2947 etc.
1983 2892 2307 2964 hydrargyri
2336 2891 2577 2946 chimicoe

1551 2975 1629 3029 rei
1652 2973 1938 3048 peritiores
1958 2973 2251 3045 appellant.
2272 2973 2376 3024 En.

1637 3061 1691 3120 4.
1716 3055 1891 3108 Exest.
1918 3051 2048 3106 Isid.
2074 3051 2259 3124 Origg.
2283 3051 2381 3106 lib.
2405 3051 2575 3120 XVI,

1552 3153 1669 3204 cap.
1701 3153 1723 3188 1
1738 3135 1793 3200 8,
1818 3132 1886 3186 de
1908 3144 2129 3203 argento
2150 3131 2275 3186 vivo
2298 3151 2313 3184 ι
2343 3153 2366 3176 ι
2387 3132 2578 3186 Serva-

1551 3227 1643 3268 tur
1671 3225 1851 3266 autem
1884 3211 2072 3266 melius
2107 3212 2167 3264 in
2190 3211 2371 3266 vitreio
2398 3213 2534 3267 vasis
2559 3231 2575 3264 ε

1554 3311 1679 3349 nam
1696 3305 1908 3347 caeteras
1928 3291 2171 3346 materiae
2192 3293 2483 3364 perforat.
2460 3293 2580 3344 »In

1553 3372 1814 3445 argenteis
1873 3389 2092 3444 quoque
2152 3390 2216 3425 ac
2284 3371 2580 3445 plumbeis,

1529 3453 1893 3530 stanneisque
1932 3451 2188 3506 amrvari
2234 3463 2357 3506 tuto
2396 3463 2581 3504 auctor

1558 3547 1635 3588 est
1660 3533 1841 3586 Diosc.
1873 3533 1911 3584 1.
1940 3551 1986 3587 c.
2014 3530 2199 3586 Ηιιιιι.

1640 3611 1690 3665 5.
1727 3611 1926 3668 Omnia.
1948 3611 2164 3666 Vitruv.
2180 3609 2274 3665 lib.
2276 3610 2425 3673 vll,
2446 3627 2493 3661 c.
2528 3611 2583 3675 8,

455 3691 582 3746 ridi.
615 3691 918 3757 Panthium,
955 3693 1176 3746 unicum
1218 3703 1463 3746 tantum.
1451 3709 1464 3721 ·
1565 3713 1625 3766 p·
1666 3699 1799 3758 141,
1823 3690 1893 3745 de
1914 3704 2135 3762 argento
2159 3691 2323 3743 vivo:
2354 3689 2585 3752 «Quum

457 3770 832 3844 hydrargyron
869 3771 1118 3840 peculiari
1149 3771 1371 3825 nomine
1413 3769 1470 3826 id
1558 3773 1613 3826 in
1652 3772 1835 3844 aliquo
1868 3789 1989 3826 vase
2035 3782 2114 3822 eat
2155 3767 2470 3832 confusum,
2504 3767 2587 3820 in-

460 3865 642 3907 auctor
666 3863 837 3905 vocat.
870 3850 1162 3904 Conficitur
1191 3850 1247 3905 id
1282 3871 1346 3906 ex
1372 3852 1470 3905 mi·
1561 3853 1709 3926 quit.
1740 3851 1781 3904 si
1806 3868 1965 3922 supra
1996 3845 2052 3901 id
2080 3845 2273 3918 lapidis
2299 3846 2587 3901 centenarii

462 3931 552 3986 nio
599 3927 926 3994 Diooeoridi,
984 3930 1162 4004 lapide
1211 3931 1474 4003 argenteis
1564 3931 1776 4006 pondus
1801 3932 2129 4001 imponatur,
2160 3938 2307 3982 natat
2346 3925 2405 3982 in
2444 3946 2587 3981 sum-

2256 4023 2349 4096 64
