2975 4684
426 298 575 379 [224

974 301 1051 367 C.
1104 303 1440 373 PLINII
1487 304 1698 374 NAT.
1745 303 1995 369 HIST.

427 426 767 500 inclinans.
790 430 907 500 Vis
932 434 1191 525 utrique
1217 433 1301 503 ad
1324 433 1766 503 discutiendos
1791 428 2134 520 tumores³,
2156 446 2222 500 et
2239 434 2555 503 sistendas

428 534 755 604 fluxiones
787 552 975 605 aceto
1012 554 1353 633 assumpto
1374 526 1415 607 ³.
1442 543 1658 609 Panos
1692 562 1954 633 quoque
1981 552 2048 605 et
2079 539 2410 633 parotidas
2439 566 2550 609 co·

432 640 616 708 hibet
649 667 664 709 :
700 655 767 709 et
810 639 1102 712 lichenas
1128 643 1319 733 illita,
1348 644 1762 740 pusulasque.
1796 646 1864 712 Si
1895 668 2054 712 vero
2089 644 2552 738 aphronitrum

432 759 499 813 et
532 734 821 814 nitrum*
859 748 1203 840 adjiciatur
1238 766 1305 819 et
1345 766 1642 837 acetum,
1679 764 1746 818 et
1791 750 2033 844 pedum
2075 764 2368 819 tumores
2399 776 2414 816 ε
2459 752 2552 819 ita

434 864 507 918 ut
536 852 603 918 in
636 850 771 921 sole
812 858 1067 923 curatio
1108 854 1251 925 haec
1292 856 1446 939 fiat,
1482 872 1552 925 et
1592 871 1743 951 post
1785 880 1896 923 sex
1933 856 2130 924 horas
2171 878 2344 949 aqua
2384 854 2552 925 salsa

366 986 393 1019 2
432 954 754 1025 abluatur.
789 959 1077 1027 Testium
1123 948 1527 1033 tumoribus⁵
1558 986 1762 1056 cypro
1793 975 1859 1029 et
1885 984 2036 1030 cera
2069 946 2330 1028 addita⁶
2362 960 2552 1054 prod-

432 1074 546 1129 est.
590 1064 680 1130 Et
719 1064 1148 1158 refrigerandi
1185 1092 1447 1161 quoque
1475 1082 1712 1137 natura
1741 1081 1934 1136 cretoe
1967 1080 2111 1135 est:
2147 1064 2550 1159 sudoresque

432 1167 821 1238 immodicos
848 1170 1050 1238 sistit⁷
1078 1169 1253 1241 illita.
1286 1178 1504 1267 Atque
1534 1176 1624 1242 ita
1653 1157 1951 1268 papulas-‚⁸
1985 1171 2251 1241 cohibet
2279 1195 2360 1239 ex
2394 1173 2548 1239 vino

429 1288 763 1367 assumpta
785 1277 851 1343 in
873 1273 1165 1345 balineis.
1182 1280 1524 1348 Laudatur
1542 1280 1824 1347 maxime
1835 1275 2240 1345 Thessalica:
2262 1278 2550 1345 nascitur

429 1392 495 1445 et
533 1380 601 1445 in
640 1382 841 1472 Lycia
876 1383 1049 1450 circa
1086 1384 1449 1453 Bubonem.
1495 1388 1616 1454 Est
1659 1397 1727 1453 et
1761 1380 1924 1451 alius
1961 1380 2254 1452 Cimoliae
2295 1406 2452 1451 usus
2481 1382 2549 1449 in

426 1484 767 1554 vestibus⁹
796 1511 811 1552 :
858 1512 1009 1555 nam
1045 1488 1287 1577 Sarda,
1319 1515 1465 1585 quae
1501 1488 1779 1559 affertur
1814 1513 1852 1557 e
1885 1488 2184 1557 Sardinia
2204 1539 2225 1575 ,
2257 1486 2550 1557 candidis

336 1736 345 1745 ·
426 1732 496 1784 pe
527 1714 735 1781 Cimoli,
761 1718 845 1769 vel
882 1718 1213 1787 I'Argenticre
1248 1718 1325 1771 sic
1354 1736 1447 1788 ap-

429 1793 640 1863 pellata.
688 1795 889 1847 Confer
913 1796 997 1847 Cl.
1038 1798 1086 1849 T
1088 1815 1448 1862 cumcuma-r,

434 1872 489 1921 V
486 1890 639 1942 oyage
686 1872 753 1923 du
802 1874 1011 1941 Levant,
1060 1887 1189 1928 tom.
1236 1878 1267 1927 I
1280 1909 1297 1935 ι,
1325 1894 1447 1947 pag.

441 1967 569 2017 ¹7²·
599 1952 705 2003 En.

516 2048 569 2079 a.
600 2028 655 2080 V
652 2032 692 2079 is
717 2032 903 2100 utrique
927 2030 998 2083 ad
1018 2031 1333 2085 discutiendos
1376 2047 1452 2087 eu-

437 2125 603 2159 mom.
623 2108 791 2161 Aceto
804 2126 997 2178 nempe
1015 2108 1450 2165 diluta-Totidem

436 2187 597 2257 plane
632 2187 811 2240 verbis
845 2188 1149 2242 Dioscorid.
1175 2191 1277 2243 loc.
1306 2190 1451 2246 citat.

436 2257 676 2335 ἑκάτεραι
703 2262 761 2317 δὲ
796 2261 1103 2337 ὃίαφοροῦσιν
1146 2269 1239 2329 ὄξει
1263 2264 1453 2341 διειμέ-

434 2365 546 2407 ναι,
576 2340 867 2414 napum-{8025
891 2385 906 2411 ,
935 2347 1017 2400 καὶ
1048 2346 1116 2399 τὰ
1144 2348 1271 2401 ἄλλα.
1296 2351 1454 2419 φύμα-

436 2443 537 2487 τα,
566 2438 665 2477 etc.
698 2426 782 2476 Dc
808 2425 1139 2495 parotidibns
1167 2428 1452 2481 subscribit

436 2514 489 2555 et
516 2503 651 2556 Plin.
680 2503 855 2555 Valcr.
894 2504 988 2557 lib.
1036 2506 1089 2569 1,
1116 2524 1232 2577 cap.
1272 2508 1337 2561 13
1358 2547 1374 2575 ‚
1398 2520 1452 2561 et

436 2578 643 2633 Theod-
669 2580 829 2635 Prisc.
856 2582 947 2636 lib.
975 2586 1033 2648 1,
1061 2602 1177 2655 cap.
1207 2589 1260 2640 8.
1285 2588 1354 2639 Η.

519 2659 570 2712 3.
600 2661 757 2713 Aeeeo
784 2676 1038 2733 assumpto.
1066 2666 1301 2718 Marcell.
1322 2667 1447 2718 Em-

437 2740 539 2809 pir.
570 2757 682 2810 cap.
709 2760 761 2801 v,
783 2758 839 2810 p.
866 2749 937 2807 44
960 2762 974 2797 2
997 2770 1019 2791 ιι
1040 2745 1195 2797 Creta
1224 2744 1451 2798 Cimolia

436 2836 499 2870 ex
528 2830 677 2871 aceto
710 2821 860 2887 trita,
889 2836 941 2876 et
963 2841 1121 2893 quam
1148 2823 1454 2877 densissime

438 2898 601 2950 fronti
636 2898 919 2970 imposita,
958 2902 1200 2972 pituitam
1242 2902 1393 2955 sistit.
1420 2926 1452 2949 n·

437 2976 505 3028 Et
525 2996 638 3047 cap.
662 2996 725 3044 x,
742 2998 856 3049 pag.
891 2985 991 3051 87:
1018 3007 1039 3027 ι
1059 2982 1217 3035 Creta
1239 2999 1453 3052 quoque

438 3054 663 3109 Cimolia
679 3094 695 3121 ‚
724 3078 787 3110 ex
810 3073 956 3112 aceto
979 3074 1088 3113 tusa
1110 3100 1125 3126 ,
1142 3078 1299 3131 quam
1328 3059 1456 3113 den-

440 3134 639 3187 sissima
681 3140 839 3190 fronti
868 3142 980 3208 ejus
1008 3140 1333 3210 imponitur,
1366 3138 1453 3191 cui

438 3216 647 3284 sanguis
661 3217 743 3268 vel
762 3217 949 3285 pituita
965 3216 1292 3272 descendit.»
1314 3218 1453 3271 Cels.

438 3293 531 3345 lib.
552 3295 607 3357 1,
622 3312 737 3363 cap.
763 3296 793 3347 3
820 3314 834 3345 =
864 3322 887 3341 ι
906 3294 1065 3349 Creta
1084 3296 1318 3367 figularis
1338 3315 1456 3351 cor·

440 3373 561 3442 pori
584 3373 716 3426 illita
740 3373 915 3425 alvum
943 3374 1231 3445 adstringit.
1257 3402 1280 3423 ι.
1314 3377 1383 3428 Η.

522 3460 572 3517 4.
602 3454 948 3524 Aphronitrum
972 3467 1019 3504 et
1038 3458 1233 3506 nitrum.
1249 3456 1455 3507 Broter.

438 3543 486 3581 et
512 3552 712 3604 ‹yps-m,
744 3551 806 3584 ex
840 3531 990 3585 MSS.
1022 3532 1184 3601 chg.
1230 3545 1283 3585 et
1328 3531 1456 3586 edit.

438 3612 681 3684 principe
698 3652 712 3677 ,
736 3612 791 3664 in
814 3612 1014 3682 quibus
1028 3650 1042 3671 ,
1061 3623 1107 3661 ee
1134 3615 1359 3683 cyprium.
1378 3614 1458 3664 De

438 3704 607 3761 cypro
636 3704 817 3745 autem
842 3730 857 3755 ‚
898 3692 1005 3744 sive
1036 3691 1159 3743 oleo
1193 3690 1417 3761 cyprino
1438 3726 1457 3754 ‚

436 3766 636 3823 dictum
659 3790 815 3842 supra
838 3771 933 3824 lib.
954 3772 1061 3823 XII
1076 3808 1091 3835 ,
1106 3788 1220 3840 cap.
1248 3771 1339 3823 51.
1356 3770 1457 3824 En.

522 3849 573 3901 ⁵.
610 3850 661 3901 T
655 3854 821 3903 estium
848 3850 1124 3903 tumore'bus.
1156 3847 1454 3903 Dioscorid-

438 3922 477 3974 l.
500 3944 547 3978 e.
579 3928 787 3983 Theod.
810 3929 974 3985 Prisc.
999 3930 1097 3983 lib.
1122 3931 1314 4001 I,cap.
1352 3930 1454 3982 25:

1540 1743 1563 1766 ι
1582 1718 1762 1771 Testes
1779 1728 2038 1770 tum-tea
2063 1714 2288 1769 Cimolia
2307 1714 2430 1768 trita
2446 1714 2551 1767 fre-

1533 1808 1756 1869 quenter
1780 1814 1903 1850 cum
1937 1812 2072 1865 aqna
2095 1812 2382 1865 perunges,
2409 1805 2542 1845 etc.-

1615 1879 1669 1928 6.
1699 1874 1863 1946 Cypro
1887 1886 1936 1925 ct
1953 1893 2062 1926 cera
2085 1872 2365 1925 addamne
2395 1870 2544 1924 MSS.

1533 1974 1641 2008 non
1664 1958 1830 2025 cypria
1856 1973 1978 2005 cera.
2007 1952 2246 2021 Cyprum
2270 1963 2446 2002 antem
2465 1966 2548 2002 ac-

1535 2035 1655 2105 cipe
1678 2052 1776 2105 pro
1802 2032 1921 2085 oleo
1943 2030 2165 2103 cyprino
2183 2064 2200 2090 ,
2217 2040 2276 2081 ut
2293 2029 2418 2081 alibi
2432 2046 2548 2080 mo-

1534 2113 1776 2176 nuimus,
1811 2112 2009 2174 aliove,
2046 2108 2190 2179 quod
2228 2108 2294 2160 sit
2331 2107 2546 2178 optimo

1533 2204 1674 2245 notoe
1693 2210 1900 2245 :ceram
1918 2226 1934 2253 ‚
1955 2207 2056 2260 pro
2083 2199 2278 2241 cerato.
2303 2188 2486 2239 Ham).

1615 2290 1648 2342 7
1657 2312 1672 2325 .
1687 2270 1982 2340 sudoresque
1993 2268 2262 2319 Immodicos
2271 2268 2334 2318 sis
2339 2268 2413 2318 tie.
2433 2265 2552 2320 Cel-

1535 2370 1596 2403 ω
1617 2386 1636 2413 ,
1679 2350 1780 2403 lib.
1817 2350 1902 2401 111
1921 2388 1936 2412 ,
1973 2366 2089 2419 cap.
2121 2364 2190 2415 19
2216 2367 2232 2400 z
2259 2372 2282 2394 ι
2305 2346 2360 2397 Si
2386 2343 2550 2397 sudor

1533 2430 1700 2482 vincit
1717 2468 1733 2492 ,
1763 2424 2102 2481 delinit-,ndns
2135 2425 2299 2477 homo
2325 2436 2433 2486 cst,
2467 2424 2549 2476 vel

1535 2508 1742 2578 argenti
1767 2524 1973 2578 spuma,
1994 2507 2079 2559 vel
2094 2504 2320 2558 Cimolia
2338 2514 2494 2556 creta.
2516 2528 2539 2548 ι

1533 2586 1710 2639 Ηιιιι).

1618 2668 1670 2719 8.
1717 2669 1882 2736 Atque
1922 2667 1993 2716 ita
2033 2663 2260 2733 papulas.
2299 2658 2516 2733 Rusulas
2531 2698 2548 2724 ‚

1537 2744 1851 2815 ἆξανονίματα
1865 2783 1880 2808 ,
1903 2762 2019 2812 quae
2028 2744 2220 2814 jejunae
2241 2740 2552 2811 plerumque

1537 2824 1710 2876 salivae
1735 2822 2080 2875 defricatione
2095 2832 2365 2873 curantur.
2383 2811 2453 2868 Η.
2473 2848 2552 2859 ·-

1543 2902 1688 2956 Circa
1715 2902 1976 2955 Bubonem.
2021 2900 2211 2952 Bubon
2227 2940 2242 2963 ,
2287 2894 2548 2968 oppidum

1540 2980 1735 3051 Lycia.
1759 2982 1865 3033 En.

1619 3078 1675 3128 9.
1701 3060 1798 3111 Est
1821 3071 1871 3111 oe
1887 3058 2013 3110 alius
2039 3056 2258 3110 Gmolioe
2277 3074 2388 3106 usus
2406 3058 2456 3105 in
2477 3072 2557 3103 ve-

1539 3138 1705 3191 stibus.
1722 3139 1783 3189 In
1807 3135 2112 3190 dealbandis
2131 3135 2388 3187 nimirum
2407 3132 2558 3184 vcsti-

1541 3218 1658 3271 bua.
1683 3216 1843 3269 Unde
1871 3227 2052 3267 emata
2080 3213 2278 3265 ambitio
2314 3208 2556 3266 candida-

1541 3308 1716 3350 torum
1729 3335 1742 3355 .
1769 3315 1798 3349 a
1811 3296 1990 3348 Persio
2006 3293 2324 3363 appellatur,
2337 3292 2441 3342 hoc
2459 3301 2556 3353 cst,

1543 3376 1831 3446 petitorum
1855 3375 1910 3426 in
1925 3371 2149 3425 candida
2163 3384 2302 3440 toga,
2321 3370 2375 3421 in
2395 3386 2552 3439 quam

1543 3455 1721 3507 album
1750 3472 1813 3507 ex
1837 3466 1976 3506 creta
1997 3449 2143 3521 apud
2166 3449 2390 3502 fullones
2411 3444 2561 3498 addi-

1542 3546 1652 3587 tum
1679 3534 1796 3587 suit.
1826 3532 2084 3585 Homines
2111 3546 2327 3601 quoque
2353 3526 2561 3579 tenuio-

1543 3630 1626 3665 res
1643 3652 1658 3677 ‚
1700 3630 1865 3685 quum
1913 3610 2068 3680 copia
2115 3604 2380 3660 mutanda
2423 3617 2560 3673 toga

1543 3710 1652 3744 non
1681 3704 1844 3755 esset,
1871 3704 2048 3743 tamen
2075 3701 2136 3740 nt
2161 3683 2317 3739 nitidi
2349 3701 2410 3735 ac
2445 3700 2558 3734 me-

1543 3770 1688 3823 lioris
1719 3772 1946 3823 fortuna
1967 3776 2310 3839 apparerent,
2331 3762 2428 3814 sub
2443 3758 2560 3813 dies

1544 3848 1796 3902 ludorum
1843 3847 2074 3919 togulam
2130 3861 2278 3896 suam
2335 3842 2562 3893 increta-

1545 3929 1690 3982 bant.
1713 3930 1832 3982 Huc
1862 3924 1996 3981 illud
2015 3921 2322 3983 Plautinum
2335 3916 2525 3975 alludit
2541 3957 2562 3985 ‚
