2975 4684
436 417 583 464 220·

1975 315 2011 338 O

958 396 1036 469 C.
1088 395 1433 466 PLINII
1482 397 1700 467 NAT.
1755 395 2014 464 HIST.

432 527 809 612 scrobibus,
852 525 997 592 flori
1034 526 1174 620 ejus
1214 525 1392 596 luteo
1427 531 1746 597 miscente
1782 552 1851 596 se
1888 525 2044 622 ligni
2085 526 2262 620 pinei
2299 526 2536 598 favilla.

434 635 690 702 Revera
722 643 941 698 autem
975 655 1014 698 e
1054 632 1429 726 supradicto
1466 633 1542 701 fit
1572 631 1814 726 lapide,
1848 647 2230 702 concretum
2265 648 2534 718 natura,

431 737 929 864 discretumque,
935 749 1003 802 et
1016 739 1343 830 optimum
1358 741 1423 806 in
1434 740 1828 832 Cypriorum
1843 737 2147 807 officinis.
2165 739 2350 831 cujus
2361 753 2534 810 notae

430 827 606 908 sunt³
633 839 805 906 friati
837 863 1053 910 aureae
1080 841 1407 926 scintillae,
1448 858 1513 910 et
1555 867 1756 937 quum
1790 857 2075 929 teratur,
2109 867 2378 912 arenosa
2417 867 2530 911 na·

426 959 605 1025 tura,
651 944 787 1012 sive
830 959 1081 1034 terrea,
1126 946 1452 1018 chalcitidi
1496 947 1737 1018 similis.
1789 953 1944 1018 Hoc
1988 949 2384 1030 admiscent,
2419 951 2531 1042 qui

426 1067 661 1116 aurum
696 1057 1001 1146 purgant.
1040 1053 1299 1122 Utilitas
1348 1058 1487 1142 ejus
1532 1053 1728 1122 infusi
1763 1079 1910 1122 cum
1955 1079 2224 1124 rosaceo
2268 1052 2533 1122 auribus

362 1187 387 1220 α
412 1153 841 1247 purulentis:
876 1173 943 1227 et
975 1161 1042 1227 in
1082 1157 1226 1226 lana
1267 1159 1589 1252 impositi,
1635 1161 1866 1253 capitis
1904 1159 2300 1229 hulceribus.
2333 1163 2530 1228 Exte-

424 1276 584 1328 nuat
606 1263 801 1331 etiam
828 1263 1157 1332 scabritias
1185 1261 1527 1332 oculorum
1567 1267 1978 1334 inveteratas
2001 1267 2334 1359 Praecipue
2373 1263 2531 1333 utile

424 1366 735 1453 tonsillis,
772 1383 1129 1461 contraque
1164 1370 1437 1462 anginas
1463 1423 1481 1453 ‚
1523 1385 1590 1438 et
1629 1384 2006 1466 suppurata.
2045 1373 2271 1455 Ratio,
2310 1384 2385 1438 ut
2427 1393 2528 1438 se-

424 1472 634 1543 decim
673 1474 997 1542 drachmae
1032 1474 1099 1540 in
1132 1472 1397 1544 hemina
1428 1477 1596 1545 aceti
1623 1491 2000 1571 coquantur
2041 1476 2274 1546 addito-
2301 1473 2528 1558 melle,

426 1578 638 1648 donec
675 1578 999 1648 lentescat.
1042 1579 1148 1647 Sic
1186 1580 1271 1648 ad
1304 1582 1678 1676 supradicta
1719 1581 1875 1652 utile
1903 1597 2020 1651 est.
2055 1582 2330 1671 Quoties
2359 1604 2532 1676 opus

426 1685 511 1753 sit
558 1682 793 1753 molliri
836 1684 970 1750 vim
1024 1682 1207 1775 ejus,
1256 1685 1386 1754 mel
1429 1688 1864 1782 adspergitur.
1911 1687 2144 1756 Erodit
2184 1703 2251 1756 et
2291 1684 2534 1756 callum

416 1788 827 1874 fistularum,
884 1811 963 1856 ex
1020 1777 1241 1859 aceto⁴
1292 1791 1657 1861 foventium
1704 1818 1719 1860 ε

1777 1807 1844 1861 et
1903 1791 2187 1886 collyriis
2243 1792 2525 1860 additur.

420 1894 601 1962 Sistit
631 1908 697 1961 et
735 1895 1150 1988 sanguinem,
1186 1887 1586 1990 hulceraque
1626 1922 1770 1991 quae
1811 1903 2108 1990 serpant,
2148 1919 2378 1988 quaeve
2409 1921 2528 1989 pu-

418 2011 721 2066 trescant.
744 1999 1061 2068 -Absumit
1100 2015 1167 2068 et
1203 2017 1652 2070 excrescentes
1689 2026 1934 2070 carnes.
1978 1999 2394 2070 Peculiariter
2428 2003 2524 2065 vi-

419 2101 669 2171 rilitatis
700 2105 874 2174 vitiis
916 2105 1073 2173 utile
1113 2129 1127 2172 :
1170 2121 1235 2174 et
1273 2105 1662 2174 feminarum
1703 2106 2098 2200 profluvium
2141 2105 2325 2172 sistit.

524 2203 817 2279 XXXII.
863 2211 1078 2280 Graeci
1116 2210 1611 2304 cognationem¹
1649 2214 1795 2280 aeris
1826 2212 2088 2278 nomine
2127 2210 2426 2280 fecerunt
2459 2221 2527 2276 et

418 2329 786 2386 atramento
827 2317 1096 2384 sutorio.
1156 2315 1510 2410 Appellant
1568 2317 1740 2385 enim
1805 2313 2306 2385 chalcanthum²
2313 2368 2328 2382 .
2381 2315 2524 2382 Nec

418 2419 608 2490 ullius
644 2445 827 2550 mque
863 2421 1028 2488 mira
1070 2435 1307 2490 natura
1349 2437 1465 2492 est.
1513 2423 1664 2490 Fit
1647 2447 1714 2489 in
1754 2423 2079 2514 Hispaniae
2129 2423 2344 2556 puteis
2392 2433 2522 2488 sta-

417 2512 701 2619 gnisve³,
754 2525 817 2594 id
852 2549 1057 2619 genus
1100 2551 1284 2620 aquae
1319 2527 1735 2596 habentibus.
1784 2526 2190 2621 Decoquitur
2227 2512 2343 2594 ea⁴
2345 2525 2524 2613 ,ad-

414 2632 613 2701 mixta
641 2619 825 2700 dulci
855 2632 996 2725 pari
1026 2656 1364 2717 mensura,
1399 2647 1468 2702 et
1504 2634 1574 2702 in
1617 2633 1896 2726 piscinas
1929 2631 2177 2727 ligneas
2206 2579 2521 2700 funditur.

494 2802 545 2856 3*
602 2803 752 2864 Cuius
780 2814 909 2854 ηοω
938 2809 1077 2870 sunt,
1111 2815 1213 2858 etc.
1246 2805 1421 2858 Diosc.

411 2881 513 2935 loc.
532 2883 621 2936 cit.
642 2883 777 2936 Μίσυ
799 2880 857 2935 δὲ
878 2842 1223 2953 napa-civerim
1244 2885 1300 2936 τὸ
1322 2886 1426 2936 lm-

412 2981 550 3032 πριον
566 3002 581 3024 ,
602 2962 913 3033 χρυσοφανὶς,
942 2963 1161 3032 σκληρὸν,
1184 2961 1267 3015 καὶ
1290 2963 1336 3014 ἐν
1352 2971 1423 3032 τῷ

411 3045 697 3112 θραυσθῆναι
737 3041 983 3107 χρυσὶζον,
1027 3041 1111 3094 καὶ
1158 3038 1421 3102 inutilem

414 3116 722 3190 ἀςεροειὸὣς.
746 3141 767 3162 e
786 3121 926 3191 Misy
947 3117 1318 3173 assumendum
1340 3139 1426 3174 na-

412 3199 557 3252 tione
580 3197 839 3270 Cyprium
862 3237 877 3264 ,
918 3200 1031 3252 auri
1058 3201 1284 3270 speeiem
1315 3218 1425 3269 prm

412 3297 467 3330 se
516 3278 717 3343 ferens,
752 3295 835 3329 ⁴ac
887 3276 1107 3340 durum,
1172 3277 1425 3350 quodque

413 3354 541 3409 dum
566 3355 773 3418 friatur,
800 3358 970 3410 aureis
991 3357 1147 3410 micet
1164 3358 1423 3422 scintillis,

412 3454 474 3488 ac
495 3435 655 3488 stellae
676 3433 836 3486 modo
866 3434 1206 3506 splendescat.
1238 3461 1259 3483 ι
1286 3437 1356 3488 Η.

496 3523 550 3580 4.
610 3515 695 3566 Ex
734 3526 885 3566 aceto.
928 3515 1001 3566 Iis
1042 3515 1131 3586 qui
1172 3532 1237 3567 ex
1272 3527 1423 3568 aceto

413 3593 614 3648 fistulas
645 3594 825 3646 fovent
844 3592 995 3662 misy.
1023 3593 1205 3646 Ham).

492 3672 723 3726 XXXII.
770 3689 793 3724 ι
807 3710 820 3723 .
868 3670 1033 3724 Groeci
1078 3674 1420 3740 cognationem.

416 3754 568 3806 Hanc
616 3749 1237 3814 nominisaffinitatem,
1280 3749 1421 3802 idem

416 3831 539 3884 alibi
566 3830 906 3902 gentilitatem
945 3840 1130 3881 vocat:
1161 3831 1314 3899 cujus
1334 3845 1423 3882 oc-

416 3910 623 3962 casione
640 3949 655 3974 ,
671 3921 733 3962 ut
751 3909 876 3961 alias
906 3909 1207 3961 monuimus
1220 3947 1236 3972 ‚
1254 3907 1329 3961 de
1352 3927 1426 3960 re·

415 3987 515 4038 bus
553 3989 659 4058 agit
706 3989 903 4059 alioqui
950 3987 1272 4058 disparibus,
1328 4005 1425 4040 nec

1516 2804 1616 2857 alia
1643 2823 1732 2869 re,
1763 2805 1866 2857 nisi
1899 2803 2046 2859 vocis
2085 2823 2216 2858 sono
2249 2805 2524 2860 connexis.

1598 2904 1652 2937 a.
1699 2883 1966 2954 Appellant
2013 2886 2150 2938 enim
2174 2883 2524 2937 chalcanthum.

1515 2962 1794 3016 Χέλκανθον
1829 2963 2042 3023 Nostri,
2071 2963 2138 3014 da
2169 2964 2342 3015 vitria!
2353 2999 2371 3026 ‚
2391 2963 2453 3014 de
2475 2964 2525 3014 (a

1512 3061 1776 3112 couperose.
1805 3043 1875 3095 H.
1917 3075 2000 3085 —
2032 3042 2115 3096 Cf.
2143 3041 2212 3094 de
2237 3043 2526 3096 Calcantho

1511 3121 1640 3176 Exc.
1661 3123 1720 3174 11
1747 3119 1815 3173 ad
1837 3122 2030 3174 calcem
2052 3121 2165 3190 huj.
2183 3120 2276 3173 lib.
2301 3119 2404 3172 En.

1595 3199 1649 3255 3.
1672 3200 1758 3252 Fit
1785 3213 1834 3251 et
1857 3204 1908 3252 ἰιι
1933 3201 2178 3268 Hispania
2205 3219 2229 3248 e
2243 3202 2402 3267 puteis
2425 3212 2524 3248 sta..

1510 3281 1673 3347 gnisve
1695 3273 1716 3339 (
1737 3277 1810 3331 sic
1837 3278 1986 3347 prius
2004 3268 2044 3345 ).
2075 3276 2288 3328 Rectius
2316 3277 2371 3327 in
2417 3289 2520 3328 vet.

1511 3355 1632 3410 cod.
1645 3355 1718 3424 fit
1742 3361 1793 3408 iu
1817 3355 2072 3425 Hispania
2085 3358 2243 3424 puteis
2265 3358 2518 3423 stagnisve.

1511 3435 1646 3488 Du..
1681 3465 1760 3475 —
1789 3433 1892 3486 Fit.
1923 3435 2048 3487 Haec
2087 3431 2306 3487 totidem
2351 3433 2522 3486 verbis

1509 3513 1636 3566 Isid.
1675 3513 1856 3584 Origg.
1899 3513 2060 3576 XVI,
2111 3531 2161 3566 a.
2205 3511 2398 3580 Dispar
2435 3511 2524 3563 ali-

1510 3589 1764 3664 quantum
1804 3589 2098 3644 Dioscorid.
2143 3590 2277 3643 ratio
2325 3603 2424 3652 est,
2451 3590 2522 3653 V,

1522 3690 1544 3724 ι
1563 3669 1869 3736 14.Huu›.

1595 3757 1648 3814 4.
1679 3750 1756 3800 De
1733 3753 1975 3820 ecoquitur
2011 3769 2086 3802 ea.
2118 3748 2351 3818 Ideoque
2389 3750 2520 3816 ἑφθὸν

1513 3827 1727 3894 dicitur,
1753 3829 1864 3881 aliis
1887 3827 2218 3898 praestantins
2246 3824 2312 3878 ad
2347 3826 2524 3897 nigras

1513 3908 1803 3972 tincturas,
1839 3905 1909 3960 ad
1951 3924 2098 3958 usum
2139 3904 2460 3960 medicine
2445 3925 2526 3964 ιιι

1515 3986 1751 4042 validius.
1779 3986 1952 4038 Diosc
1979 3985 2114 4038 Du..
