2975 4684
1005 360 1317 429 LIBER
1369 362 1746 431 XXXVI.

2299 362 2436 459 437

322 509 546 589 postea
589 492 839 580 secere,
869 492 1038 561 sicut
1078 495 1145 561 in
1175 492 1387 589 Delo,
1415 495 1656 587 quibus
1681 492 2102 587 subjecerunt
2138 518 2443 580 carmen,

321 624 453 667 non
491 598 731 667 vitibus
775 611 1031 667 tantum
1069 602 1319 668 censeri
1350 600 1598 669 Chium
1616 585 1687 687 ¹³,
1731 599 1843 667 sed
1873 613 1939 666 et
1966 599 2274 693 operibus
2307 604 2441 670 An-

320 705 467 774 ther
468 730 558 772 mi
542 702 880 773 filiorum.
886 675 1264 773 Ostendant
1285 719 1353 773 et
1363 704 1538 773 Iasii¹
1523 693 1568 736 '⁴
1583 707 1869 773 Dianam
1887 706 2190 774 manibus
2213 730 2442 776 eorum

322 810 579 879 factam.
632 812 775 879 Et
760 836 823 878 m
862 812 1003 905 ipsa
1048 809 1219 879 Chio
1258 836 1415 879 nari
1418 826 1524 879 ata
1557 825 1656 880 est
1691 812 1908 906 operis
1944 836 2175 880 eorum
2213 814 2444 882 Dianae

322 916 579 985 facies
561 940 627 983 m
684 916 943 985 sublimi
988 918 1237 1011 posita,
1277 917 1464 1010 cujus
1501 915 1759 985 vultum
1801 918 2118 985 intrantes
2157 920 2446 1007 tristem,

322 1036 631 1091 exeuntes
674 1022 1025 1091 hilaratum
1084 1036 1339 1116 putant.
1398 1025 1630 1091 Romoe
1678 1024 1861 1117 signa
1904 1046 2134 1090 eorum
2181 1044 2334 1091 sunt
2377 1026 2446 1092 in

321 1126 613 1196 Palatina
663 1115 872 1197 aede¹⁵

919 1126 1243 1222 Apollinis
1288 1131 1356 1196 in
1406 1128 1699 1223 fastigio,
1743 1142 1810 1196 et
1854 1129 1922 1195 in
1961 1128 2267 1197 omnibus
2312 1129 2447 1199 fere

324 1258 471 1327 quae
516 1232 706 1301 divus
750 1236 1088 1328 Augustus
1138 1233 1309 1302 fecit.
1360 1237 1570 1304 Patris
1617 1258 1882 1328 quoque
1920 1258 2149 1301 eorum
2188 1247 2256 1301 et
2294 1234 2446 1303 Deli

326 1338 511 1408 fuere
540 1365 581 1407 o
630 1362 774 1425 era,
794 1354 861 1407 et
888 1342 955 1409 in
986 1338 1207 1407 Lesbo
1234 1338 1465 1408 insula.
1493 1342 1762 1433 Dipoeni
1784 1338 2051 1433 quidem
2073 1339 2450 1423 Ambracia,

323 1444 565 1539 Argos¹
599 1496 618 1527 ,
656 1442 956 1529 Cleonae,
1007 1443 1316 1538 operibus
1372 1444 1628 1513 refertae
1673 1446 1877 1514 fuere.
1921 1445 2173 1513 Omnes
2229 1459 2445 1513 autem
2487 1472 2518 1529 4

322 1564 579 1617 tantum
627 1548 907 1617 candido
949 1574 1278 1617 marmore
1319 1552 1419 1618 usi
1470 1564 1624 1619 sunt
1670 1576 1705 1618 e
1753 1539 1921 1617 P'aro
1964 1549 2212 1633 insula,
2253 1574 2450 1643 quem
2521 1604 2526 1609 ,

325 1653 606 1772 lapidem
628 1678 887 1748 coepere
906 1653 1290 1748 lychniten¹⁷
1310 1653 1642 1749 appellare
1659 1708 1678 1741 ,
1696 1656 2008 1749 quoniam
2035 1654 2122 1723 ad
2148 1655 2452 1725 lucernas

325 1762 393 1827 in
416 1758 737 1828 cuniculis
766 1758 1151 1852 caederetur,
1182 1775 1259 1828 ut
1286 1776 1518 1830 auctor
1547 1774 1646 1829 est
1677 1764 1934 1829 Varro:
1971 1760 2195 1829 multis
2225 1776 2456 1855 postea

326 1865 819 1934 candidioribus
863 1867 1176 1960 reperti5‚
1220 1891 1433 1960 nuper
1462 1868 1658 1935 etiam
1691 1868 1760 1935 in
1788 1866 2196 1936 Lunensium
2226 1865 2455 1961 lapici-

324 1958 573 2042 dinis¹⁸.

626 1970 757 2039 Sed
810 1974 877 2039 in
928 1973 1269 2039 Pariorum
1320 1970 1680 2041 mirabile¹3

1741 1972 2072 2066 proditur,
2120 1972 2316 2065 gleba
2369 1972 2460 2040 la-

324 2078 493 2171 pidis
546 2078 739 2146 unius
786 2079 1010 2146 cuneis
1048 2076 1475 2146 dividentium
1517 2076 1766 2162 soluta,
1795 2079 2146 2172 imaginem
2193 2075 2463 2146 Sileni³⁰

324 2186 659 2253 exstitisse.

412 2348 435 2384 1
451 2334 501 2385 3.
548 2332 663 2385 Nou
704 2332 885 2384 vitibus
931 2342 1113 2383 laneum
1164 2334 1343 2383 censeri

274 2462 285 2471 ,
332 2410 515 2464 Chium.
545 2409 921 2463 Laudatissima
946 2411 1085 2463 enim
1115 2429 1177 2464 ex
1204 2410 1342 2464 Chio

328 2489 474 2554 vina,
502 2501 563 2541 ut
585 2489 815 2543 diximus
834 2492 986 2554 XIV,
1017 2510 1067 2559 9.
1098 2490 1279 2543 Ηιιιι).

414 2576 503 2633 14.
537 2569 809 2622 Ostendam
832 2584 883 2622 et
918 2570 1057 2622 Iase'e'.
1094 2570 1234 2623 Urbs
1268 2579 1346 2622 est

330 2648 498 2701 Cario
526 2650 703 2714 Iasus,
729 2646 798 2701 de
824 2668 927 2721 qua
948 2649 1041 2702 lib.
1064 2650 1137 2714 V,
1165 2668 1210 2701 c.
1250 2660 1349 2717 ²9·

331 2718 535 2793 Eunu.

418 2822 441 2857 1
456 2804 507 2857 5.
520 2806 579 2856 In
598 2806 827 2858 Palatina
846 2807 965 2860 ωδε.
984 2808 1049 2859 In
1068 2802 1179 2860 ode
1189 2824 1349 2877 quam

336 2882 573 2954 Apollini
598 2882 861 2937 dedicavit
889 2885 1154 2956 Augustus
1180 2886 1234 2937 in
1260 2884 1354 2937 Pa-

334 2961 461 3014 latio
478 3002 493 3026 ,
516 2960 717 3015 decima
747 2963 910 3015 Urbis
934 2965 1169 3035 regione.
1195 2962 1263 3016 H.

420 3045 507 3093 16.
544 3042 724 3111 Argos.
750 3042 835 3094 Ibi
874 3062 997 3096 sane
1033 3042 1263 3097 Castoris
1302 3055 1353 3095 et

334 3120 565 3173 Pollucis
588 3132 757 3173 statua
786 3140 813 3172 a
844 3122 1072 3191 Dipoeno
1108 3124 1239 3175 sacta
1273 3121 1353 3174 vi·

332 3201 703 3263 sebatur-,mex
716 3200 1355 3255 ClementeAlexandrino

334 3281 491 3351 paulo
514 3292 638 3332 ante
662 3278 909 3333 diximus.
932 3280 1107 3334 Hnan.

421 3378 441 3411 1
454 3378 509 3430 7.
566 3360 851 3431 Lychniten.
892 3361 1127 3429 Δυχνίτην
1146 3400 1161 3425 ,
1205 3360 1352 3431 quasi

331 3439 704 3493 lucernarium.
732 3438 941 3493 Idcirco
963 3454 1015 3493 et
1036 3440 1159 3493 λίθον
1177 3442 1357 3507 λυχνία

332 3518 559 3589 appellat
598 3520 897 3573 callixenus
942 3518 1183 3572 Rhodius
1210 3516 1355 3590 apud

337 3598 525 3651 Athen.
556 3599 650 3652 lib.
678 3600 748 3665 V,
777 3618 899 3671 pag.
931 3600 1057 3653 205.
1088 3600 1269 3652 Hann.

422 3696 439 3731 ι
456 3680 509 3731 8.
556 3680 616 3730 In
649 3679 939 3731 Lunensium
974 3679 1261 3749 lapicide'm‘s.
1292 3678 1357 3729 In

338 3756 505 3809 Italia.
531 3756 747 3811 Gruter-i
782 3758 1086 3829 inscriptio.
1112 3778 1167 3829 p.
1200 3757 1357 3826 593:

338 3852 668 3890 nnvumvs
682 3856 1004 3893 nannonvn
1022 3854 1355 3891 naussum.

340 3912 407 3964 H.
424 3946 498 3957 --
521 3916 678 3970 Nunc
694 3916 873 3971 adhuc
890 3918 1234 3971 nobilissima
1253 3916 1356 3969 511oe

336 3991 629 4063 lapicidinoe
658 4018 670 4048 ε
711 3998 783 4050 led
815 4002 1043 4051 curribus
1081 3998 1141 4049 de
1175 3995 1359 4049 marbre

2216 2331 2458 2385 Enormi.

1525 2428 1614 2478 19.
1669 2408 1772 2463 Sed
1824 2412 1875 2461 in
1930 2411 2186 2462 Pariorum
2247 2410 2468 2463 mirabile

1435 2332 1497 2384 dc
1534 2332 1704 2383 Massa
1743 2343 1794 2382 et
1835 2330 1897 2381 de
1951 2330 2174 2383 Cas-rare.

1429 2490 1673 2560 proditur.
1717 2488 1876 2558 Apud
1912 2488 2228 2542 Ciceronem
2269 2489 2365 2543 lib.
2401 2492 2461 2557 1,

1438 2586 1591 2621 num.
1639 2566 1740 2632 23,
1779 2566 1847 2619 de
1888 2566 2124 2621 Divinat.
2163 2568 2463 2625 Carneades

1437 2657 1618 2700 narrat
1641 2646 1696 2697 in
1723 2645 1983 2699 Chiorum
2013 2646 2313 2717 lapicidinis
2340 2668 2464 2702 saxo

1439 2723 1647 2778 diffisso
1713 2724 1918 2777 Panisci
1977 2738 2138 2797 caput
2193 2728 2462 2781 exstitisse.

1442 2803 1606 2875 Apud
1633 2804 1918 2873 origenem
1945 2803 2040 2855 lib.
2068 2812 2164 2857 τῶν
2190 2812 2465 2877 φιλοσοφου-

1441 2886 1628 2954 μένων,
1689 2882 2046 2952 Xenophanes
2095 2884 2466 2955 Colophonius

1443 2961 1632 3027 tradit,
1661 2964 1715 3014 in
1743 2960 2071 3032 lapicidinis,
2097 2981 2214 3032 quae
2241 2964 2467 3037 Syracu-

1444 3043 1513 3094 sis
1547 3043 1862 3112 propinquae
1898 3054 2048 3107 aunt,
2088 3042 2322 3096 inventas
2359 3064 2468 3099 ease

1442 3122 1668 3193 piscium
1717 3132 1768 3173 et
1811 3120 2102 3190 phocarum
2139 3122 2336 3193 figuras
2372 3126 2467 3177 :in

1443 3198 1856 3273 profundissima
1871 3218 2004 3252 vena
2017 3204 2290 3257 marmoris
2303 3202 2442 3257 Parii
2453 3242 2469 3268 ‚

1444 3280 1580 3333 lauri
1605 3279 1907 3349 imaginem.
1929 3278 2253 3334 Theodorus
2275 3284 2468 3336 Cante-

1444 3358 1767 3423 rust-iar.
1794 3358 1887 3410 lib.
1911 3360 1938 3410 1
1954 3399 1968 3421 ‚
1994 3378 2107 3430 cap.
2136 3382 2153 3412 ι
2169 3364 2221 3414 5.
2243 3363 2469 3413 Du..—

1446 3442 1508 3492 In
1537 3438 1810 3490 Pariorum.
1854 3437 2239 3511 subintellige,
2281 3438 2468 3511 lapici-

1447 3518 1602 3572 dinis.
1636 3516 1816 3571 Han.

1532 3618 1616 3650 πο.
1633 3598 1896 3668 Imaginem
1909 3597 2078 3650 Sileni.
2095 3598 2264 3663 Quem
2277 3596 2470 3648 Bacchi

1444 3678 1728 3731 nutritium
1779 3678 1963 3740 fuisse,
2007 3676 2089 3727 vel
2127 3674 2468 3745 poedagogum

1448 3754 2242 3811 ferunt.u.-Jm..51·leni.1n
2269 3753 2350 3804 his
2375 3772 2468 3806 na·

1447 3850 1582 3891 turae
1607 3837 1809 3891 lusibus
1837 3835 1958 3905 plus
1987 3830 2130 3885 videt
2154 3832 2470 3925 plerumque

1446 3917 1786 3992 imaginatio,
1827 3932 1984 3983 quam
2027 3910 2188 3963 oculi.
2223 3910 2431 3963 Nunc
2411 3932 2469 3964 m

1449 3994 1565 4049 ade
1593 3992 2020 4053 liechies-mititte,
2037 3988 2334 4055 insudaea,
2357 3988 2472 4045 divi

2049 4080 2174 4157 283
