2975 4684
512 418 659 503 482

1056 348 1139 483 lC.
1191 412 1526 480 PLINII
1579 412 1796 481 NAT.
1851 413 2101 481 HIST.

406 584 423 593 ·
512 564 934 647 augesceret:
965 546 1163 638 digna
1206 543 1475 635 cognitu
1513 567 1616 612 res
1655 559 1722 611 et
1761 544 2026 637 ingenio
2064 543 2352 613 fecundo
2382 546 2638 615 mathe-

352 702 361 711 .
448 677 485 719 2v
514 660 731 727 matini
746 656 790 723 ⁹.
820 652 1007 746 Apici
1044 661 1337 724 auratam
1384 647 1586 741 pilam
1628 648 1966 737 addidit¹⁰,
1997 652 2185 745 cujus
2217 651 2453 721 umbra
2482 678 2637 721 ver-

512 764 639 831 tice
664 760 1089 853 colligeretur
1116 755 1183 821 in
1210 752 1500 847 seipsa¹¹,
1522 754 1680 825 alias
1699 757 2059 827 enormiter
2073 755 2408 851 jaculante
2428 761 2640 854 apice,

504 971 715 1027 dierum
750 988 815 1025 ac
858 967 1111 1021 noctium.
1136 964 1345 1017 Umbra
1386 965 1526 1019 enini

504 1049 718 1103 obelisci
748 1050 805 1101 in
838 1065 1002 1101 unum
1031 1045 1241 1097 illorum
1272 1044 1532 1109 incidens,

503 1124 813 1184 ostendebat
844 1128 1093 1179 horarum
1110 1162 1127 1187 ,
1155 1125 1307 1176 verbi
1335 1125 1500 1195 gratia
1516 1166 1532 1191 ,

503 1207 811 1282 quindecim
848 1204 991 1257 diem
1034 1221 1175 1269 esse,
1229 1221 1533 1277 novemque

500 1302 731 1345 noctem.
787 1285 964 1337 Linea
1007 1301 1135 1335 vero
1155 1323 1171 1349 ‚
1214 1300 1332 1353 que
1378 1302 1533 1337 orcus

502 1370 630 1423 istos
670 1364 1080 1427 internecabant,
1106 1368 1261 1415 situm
1295 1373 1347 1416 et
1384 1361 1532 1415 ordi-

501 1466 625 1502 nem
670 1447 925 1498 horarum
968 1443 1304 1513 antiquarum
1358 1444 1532 1515 signa.

501 1510 629 1583 bont
657 1544 671 1578 ε
698 1526 768 1577 ita
798 1536 859 1575 ut
870 1523 1009 1576 -hors
1048 1521 1217 1593 prima
1242 1522 1536 1592 appellare·

501 1623 590 1661 tur
632 1624 695 1657 ea
736 1620 855 1677 quae
896 1604 1023 1657 solis
1070 1614 1245 1655 ortum
1286 1602 1530 1672 proxime

501 1697 835 1757 sequeretur3
876 1696 1043 1747 sexta,
1110 1698 1231 1753 quae
1290 1681 1527 1735 medium

502 1766 645 1821 diem
701 1765 957 1836 signaret3
1007 1760 1324 1815 duodecima
1343 1802 1359 1824 ‚
1413 1780 1532 1832 quoe

500 1845 625 1899 solis
674 1859 937 1897 occasum.
974 1841 1055 1894 Eo
1088 1840 1229 1894 euim
1267 1840 1531 1911 horologii

501 1942 695 1997 genere
708 1923 931 1975 Veteres
960 1920 1042 1973 usi
1066 1932 1218 1983 sunt,
1246 1916 1394 1989 quod
1422 1920 1533 1971 sin-

498 2005 651 2077 gulos
677 2001 794 2056 dies
824 2018 883 2053 sc
921 2012 1101 2052 noctes
1142 1996 1443 2051 dividerent
1474 1998 1528 2048 in

501 2081 785 2138 duodecim
820 2078 1045 2149 equales
1082 2077 1239 2130 horas
1254 2113 1270 2138 ,
1306 2074 1417 2126 sive
1456 2093 1532 2128 esc

500 2164 769 2235 longiores
789 2157 1013 2223 fuerint,
1031 2168 1093 2209 ut
1113 2152 1318 2207 diurnae
1336 2164 1532 2219 oestate,

502 2244 693 2298 bruma
730 2252 1039 2300 nocturnam
1072 2233 1184 2286 sive
1227 2230 1530 2299 breviores,

504 2336 569 2377 nt
594 2323 769 2377 hieme
792 2297 1001 2371 diurna
1018 2346 1034 2375 ‚
1060 2324 1335 2365 nocturne
1361 2312 1532 2365 solsti-

504 2404 601 2459 tio.
637 2398 795 2454 Unde
840 2399 1060 2465 August.
1098 2389 1165 2444 de
1203 2408 1326 2443 vers
1362 2392 1528 2463 Relig.

514 2509 537 2531 ι
568 2484 745 2541 Hora,
791 2472 967 2545 inquit
989 2511 1006 2538 ,
1048 2470 1306 2525 brumalis
1339 2472 1528 2524 ostivae

504 2569 805 2631 comparata
822 2554 1003 2607 minor
1020 2564 1115 2605 est.
1133 2576 1156 2598 ι
1176 2548 1353 2603 Lineae
1365 2569 1531 2621 porro

506 2640 617 2693 istas
639 2656 703 2691 ex
727 2633 885 2689 aneis
904 2632 1116 2687 laminis
1140 2630 1414 2695 confecto,
1437 2631 1534 2685 ho·

503 2716 757 2772 rizontali
784 2716 944 2787 plano
972 2712 1181 2765 inserta
1196 2750 1211 2776 ,
1236 2722 1443 2781 gratum
1468 2729 1530 2763 ex

505 2798 690 2853 altiore
730 2796 851 2849 loco
886 2790 1246 2864 spectaculum
1286 2788 1536 2843 intuenti-

506 2880 607 2931 bus
630 2874 962 2948 praebcbsnt.
988 2870 1262 2939 Horologii
1286 2871 1399 2940 ejus
1418 2870 1530 2922 ico·

505 2976 631 3011 nem
654 2952 939 3010 delineavit
957 2962 1197 3005 accurate
1214 2948 1398 3001 Jacob.
1418 2948 1534 3002 Μει-

508 3056 597 3090 sus
612 3077 628 3102 ,
652 3038 1030 3109 Syracusanus.
1052 3029 1231 3082 Han.

592 3135 625 3187 9
638 3156 648 3167 .
701 3114 905 3183 Ingenio
933 3109 1149 3179 secundo
1192 3108 1532 3159 mathematici.

508 3194 646 3260 Quis
669 3192 761 3246 ille
786 3190 1186 3243 mathematicus
1206 3187 1367 3240 suerit
1380 3186 1531 3239 MSS.

509 3273 719 3327 codices
757 3289 868 3323 nou
900 3268 1152 3321 indicant.
1188 3267 1333 3338 Typi
1366 3266 1532 3319 inter-

508 3340 687 3427 polati
706 3350 783 3404 sic
802 3350 1049 3403 exhibent
1075 3374 1099 3395 ιι
1126 3359 1180 3400 et
1210 3346 1424 3416 ingenio
1457 3346 1532 3397 fe-

509 3431 709 3487 cundo.
735 3428 969 3482 Manlius
992 3426 1393 3479 mathematicus
1416 3424 1534 3495 spi·

509 3516 589 3580 ci,
647 3524 747 3564 etc.
808 3534 831 3555 ι
890 3506 1057 3560 Nobis
1116 3524 1147 3557 a
1201 3515 1531 3557 vetustorum

508 3589 889 3660 exemplarium
910 3582 1019 3639 fide
1036 3582 1323 3637 desciscere
1344 3581 1533 3653 religio

508 3686 604 3727 ost.
630 3668 783 3723 Vidit
809 3669 914 3721 hoc
948 3675 1004 3719 et
1034 3662 1323 3718 Pintisnus.
1352 3660 1419 3715 Η.
1452 3692 1532 3703 --

508 3755 712 3823 Ingenio
730 3747 941 3817 s'ecundo
972 3744 1305 3797 mathematici.
1336 3740 1532 3795 Emen-

507 3832 654 3886 davit
702 3826 926 3883 Bandin.
958 3826 1059 3877 loc.
1088 3824 1235 3876 citat.
1268 3838 1384 3891 cap.
1420 3822 1487 3875 13
1513 3863 1528 3888 ,

1618 995 1641 1019 ι
1669 971 1881 1041 ingenio
1904 969 2153 1024 fecundo.
2168 971 2421 1025 Manilius
2439 974 2640 1027 methe-

1614 1051 1839 1103 maticus
1865 1050 2034 1121 apici,
2069 1065 2168 1105 etc.
2205 1078 2228 1097 υ
2257 1052 2361 1103 En.

1703 1148 1786 1183 ιο.
1819 1129 1970 1199 Apici
1993 1144 2216 1181 auratam
2237 1132 2392 1201 pilam
2423 1133 2632 1185 addidit.

1617 1208 1865 1275 Quonam
1889 1208 2052 1262 modo
2073 1208 2128 1263 id
2155 1209 2221 1262 sit
2246 1212 2464 1265 molitus
2484 1211 2642 1266 dubi-

1617 1300 1748 1343 tant.
1778 1291 1861 1340 An
1899 1288 2059 1359 pilam
2093 1289 2170 1341 sic
2202 1289 2546 1361 imposuerit,
2583 1304 2641 1344 ut

1616 1380 1840 1421 exstaret
1875 1381 1983 1421 tota
2025 1368 2242 1421 humani
2273 1371 2454 1439 capitis
2493 1372 2639 1423 simi-

1615 1446 1845 1501 litudine
1865 1470 1877 1499 :
1900 1466 1964 1501 sn
1989 1448 2268 1515 inseverit,
2289 1463 2343 1502 et
2361 1448 2640 1503 demissam

1616 1528 1892 1598 exsculpto
1931 1527 2138 1599 lapide,
2169 1530 2503 1601 conjunxerit
2531 1550 2544 1581 ι
2573 1548 2642 1582 an

1615 1606 1686 1660 de
1705 1606 1883 1679 lapide
1910 1608 2224 1671 resecuerit,
2251 1621 2504 1681 quantum
2529 1608 2643 1663 alti-

1615 1685 1750 1739 tudo
1781 1688 1902 1759 pile
1930 1687 2031 1741 fuit
2057 1685 2339 1741 additura:
2368 1688 2516 1759 quod
2543 1688 2642 1741 mi-

1616 1766 1762 1820 nime
1790 1764 1980 1832 credo,
1999 1786 2164 1839 quum
2181 1768 2441 1821 obeliscos
2470 1786 2643 1821 sacros

1617 1845 1688 1896 ob
1730 1845 2038 1916 religionem
2085 1847 2304 1899 haberet
2337 1848 2640 1917 antiquitas.

1617 1924 1826 1977 Datne.

1702 2020 1725 2053 ι
1743 2020 1792 2053 1.
1826 2002 1978 2071 Cujus
1997 2001 2165 2053 umbra
2197 2008 2370 2055 vertice
2394 2006 2644 2074 colligere-

1617 2092 1696 2131 tur
1722 2084 1772 2132 in
1799 2084 1969 2150 seipsa.
2015 2082 2180 2153 Cujus
2207 2082 2326 2152 pilae
2363 2084 2554 2135 umbra
2584 2085 2642 2136 in

1615 2159 1826 2213 verticis
1857 2157 2074 2212 modum
2104 2160 2443 2233 colligeretur
2477 2162 2533 2213 in
2561 2180 2642 2215 se-

1615 2238 1766 2310 ipsa:
1805 2256 1970 2311 quum
2015 2238 2214 2313 alioqui
2253 2258 2388 2311 apex
2423 2240 2640 2295 obelisci

1617 2318 1846 2390 amplior
1892 2336 2049 2392 quam
2083 2338 2182 2391 par
2227 2319 2322 2385 sit,
2367 2338 2638 2375 enormem

1615 2399 1890 2470 laxumque
1950 2398 2112 2453 nimis
2157 2401 2478 2473 jacularetur
2521 2417 2639 2452 um·

1613 2478 1784 2532 hrsm.
1838 2478 1927 2531 Sic
1970 2480 2132 2550 paulo
2177 2492 2330 2547 ente,
2384 2497 2500 2550 cap.
2545 2499 2567 2534 1
2585 2496 2640 2543 1,

1615 2560 1818 2629 crispum
1842 2560 1892 2609 in
1912 2563 2141 2623 vertices,
2161 2558 2298 2611 dixit
2319 2574 2372 2611 et
2397 2571 2512 2631 cup.
2543 2577 2564 2610 r
2579 2578 2637 2623 a,

1617 2638 1904 2689 maculosum
1940 2640 1992 2690 in
2040 2642 2249 2691 vertices.
2290 2636 2376 2693 Sic
2415 2636 2638 2690 totidem

1615 2717 1773 2789 plane
1813 2716 2050 2787 apicibus
2077 2717 2398 2789 syllabisque
2431 2720 2561 2787 Reg.
2605 2738 2634 2771 a

1617 2794 1783 2851 codex
1801 2809 1853 2849 et
1870 2796 2099 2850 Pintiani
2114 2833 2131 2860 ‚
2153 2796 2256 2849 nisi
2279 2796 2427 2869 quod
2448 2801 2498 2849 in
2515 2801 2640 2866 ipso,

1615 2895 1726 2929 non
1763 2880 1814 2928 in
1843 2879 1996 2946 seipsa
2025 2876 2241 2930 habent.
2275 2877 2356 2929 Ita
2387 2890 2441 2931 et
2481 2876 2632 2929 MSS.

1617 2956 1707 3010 alii
1733 2972 1918 3009 omnes
1948 2956 2266 3028 probatioris
2287 2968 2442 3010 notae.
2478 2955 2550 3008 At
2579 2955 2633 3007 in

1618 3034 1772 3089 editis
1806 3033 1874 3088 ad
1907 3036 2048 3089 hunc
2083 3036 2224 3089 diem
2261 3036 2410 3089 libris
2446 3032 2632 3106 prodi·

1615 3114 1758 3186 giose
1775 3115 1888 3167 haec
1903 3128 2184 3187 corrupta:
2213 3142 2235 3165 ι
2261 3116 2426 3186 Cujus
2446 3114 2640 3167 vertice

1617 3194 1809 3247 umbra
1831 3194 2174 3265 colligeretur
2197 3196 2252 3247 in
2279 3195 2603 3265 semetipsam
2618 3230 2639 3258 ,

1618 3274 1718 3327 alis
1753 3286 1912 3345 atque
1937 3274 2036 3327 elis
2061 3275 2382 3327 incrementa
2399 3272 2638 3345 jaculan-

1617 3364 1723 3406 tem
1751 3355 1917 3425 apice.
1944 3379 1967 3400 ι
1996 3354 2171 3419 Quem
2191 3365 2314 3405 sunt
2333 3370 2499 3423 porro
2524 3352 2640 3405 hoec

1617 3430 1866 3506 corrupta
1886 3471 1900 3499 ,
1931 3444 2038 3485 tam
2073 3445 2194 3485 sunt
2227 3432 2481 3493 obscure,
2517 3449 2640 3501 qum

1619 3512 1898 3566 Salmasius
1915 3512 2072 3565 affert
2085 3512 2140 3563 in
2165 3508 2331 3563 Solio.
2349 3528 2467 3581 psg.
2495 3514 2606 3575 640
2620 3548 2635 3568 .

1618 3589 1684 3645 ad
1736 3591 2221 3662 interpretationem
2277 3588 2436 3659 hujus
2495 3590 2633 3653 loci,

1616 3690 1774 3745 quem
1801 3689 1864 3724 ex
1889 3671 2000 3725 suis
2021 3688 2236 3743 quoque
2255 3668 2533 3722 codicibus
2554 3688 2640 3723 re-

1617 3752 1784 3805 stituit
1804 3769 1951 3821 oque
1965 3768 2028 3804 sc
2049 3748 2339 3802 Pintianus.
2365 3748 2542 3802 ΒΑΜ).
2557 3784 2635 3797 ...-

1621 3830 1944 3901 Colliget-etur
1971 3834 2022 3882 a‘n
2053 3832 2222 3899 seipsa.
2259 3829 2552 3881 Verissime
2584 3844 2638 3883 et

508 3913 701 3981 ingenio
723 3907 1000 3959 Facundia?
1018 3904 1076 3957 L·
1090 3902 1237 3955 math.
1252 3899 1357 3955 Sed
1381 3901 1528 3972 33⁰0·
1611 3910 2000 3963 accuratissime
2019 3907 2240 3961 dictum.
2264 3908 2374 3973 Qui
2399 3909 2548 3979 plura
2571 3908 2638 3965 de

506 4002 592 4042 tus
617 3989 708 4041 ille
727 3985 1057 4048 Facundinus‚
1080 3982 1294 4055 ignotus
1308 3982 1524 4035 libertus.

506 4068 655 4122 Brot.
683 4084 748 4157 ex
771 4066 898 4134 Reg.
930 4061 1048 4115 cod.
1078 4063 1105 4116 5
1136 4074 1188 4117 et
1204 4060 1333 4117 edit.
1353 4062 1523 4133 princ.

1613 3988 1697 4042 liis
1718 3990 1969 4051 voluerit,
1993 3987 2232 4042 consulat
2255 3988 2489 4043 laudatas
2511 3990 2638 4043 Bos-

1615 4068 1820 4122 covichi
1853 4068 2117 4140 epistolas.
2137 4068 2304 4123 Βιιοτ.
