2975 4684
496 379 640 479 -572
1044 385 1121 452 c.
1175 381 1501 453 PL1N11
1551 383 1760 452 NAT.
1815 385 2075 490 nlsT.

434 499 463 578 ᾖ
500 515 786 634 phorum
820 515 986 583 actis
1018 514 1377 608 subjiciam.
1424 517 1604 608 Ergo
1643 515 1838 584 tertio
1879 514 2256 610 triumphe,
2306 541 2503 611 quem
2541 519 2626 588 de

503 621 765 715 piratis,
804 621 1002 703 Asia,
1042 623 1289 702 Pont0,
1324 621 1758 717 gentibusque
1800 635 1868 690 et
1903 620 2167 715 regibus
2205 608 2309 688 in⁴
2345 625 2628 717 septimo

504 728 721 821 operis
772 725 968 855 hujus
1008 717 1344 795 volumine
1379 726 1711 811 indicatis,
1757 729 1855 796 M.
1899 728 2176 811 Pisone,
2211 729 2307 795 M.
2345 729 2630 798 Messala

506 817 927 919 consulibus⁵
933 885 952 916 ‚
1004 831 1211 925 pridie
1252 831 1508 900 kalend.
1551 833 1770 902 octob.
1820 832 1928 902 die
1977 780 2209 901 natalis
2253 819 2392 903 sui⁶
2453 835 2625 928 egit,

504 936 845 1006 transtulit
862 936 1121 1006 alveum
1153 963 1305 1007 cum
1336 941 1597 1010 tesseris
1619 938 1969 1010 lusorium⁷
1985 963 2021 1006 e
2053 941 2330 1032 gemmis
2351 939 2630 1026 duabus,
2675 951 2680 956 '

506 1042 709 1110 latum
749 1042 947 1136 pedes
982 1057 1151 1130 tres,
1190 1042 1459 1138 longum
1503 1045 1702 1139 pedes
1757 1058 2043 1138 quatuor
2087 1035 2206 1127 (et
2241 1069 2328 1112 ne
2362 1047 2506 1138 quis
2545 1045 2630 1114 de

508 1173 585 1217 ea
613 1169 685 1215 re
710 1146 1006 1234 dubitet,
1042 1147 1221 1218 nulla
1252 1173 1666 1244 gemmarum
1701 1150 2149 1269 magnitudine
2185 1149 2384 1218 hodie
2423 1176 2630 1246 prope
2739 1225 2746 1234 ,

508 1253 589 1322 ad
641 1252 819 1322 hanc
866 1245 1366 1348 amplitudinem
1414 1256 1852 1340 accedente,
1834 1282 1900 1325 m
1943 1279 2020 1324 ea
2061 1255 2206 1325 fuit
2240 1253 2394 1324 luna
2431 1281 2629 1328 aurea

510 1357 734 1478 pondo
754 1356 982 1445 xxx):
1024 1358 1225 1430 lectos
1255 1360 1656 1430 tricliniares
1675 1377 1849 1430 tres:
1881 1384 2038 1430 vasa
2071 1385 2152 1429 ex
2171 1385 2336 1431 auro
2359 1376 2427 1430 et
2448 1385 2630 1454 gem-

509 1466 635 1532 mis
658 1451 1057 1534 abacorum⁸
1091 1491 1365 1536 novem·
1388 1468 1594 1562 signa
1598 1491 1796 1536 aurea
1818 1469 1945 1534 tria
1969 1469 2359 1551 ‚Minervae,
2381 1469 2633 1556 Martis,

511 1584 578 1638 et
608 1568 963 1664 Apollinis:
991 1597 1271 1642 coronas
1306 1599 1386 1643 ex
1424 1574 1792 1667 margaritis
1829 1574 2096 1666 triginta
2127 1585 2304 1642 tres.
2337 1588 2632 1642 montem

508 1701 779 1744 aureum
812 1676 1204 1770 quadratum
1236 1704 1389 1748 cum
1414 1681 1626 1748 cervis
1655 1693 1722 1746 et
1750 1678 2080 1768 leonibus,
2101 1693 2166 1746 et
2185 1681 2395 1772 pomis
2423 1681 2634 1748 omnis

510 1785 769 1876 generis
790 1833 809 1867 ‚
839 1783 1251 1852 'circumdata
1284 1787 1420 1854 vite
1458 1809 1698 1853 aurea:
1749 1784 2087 1854 museum⁹
2117 1809 2196 1852 ex
2232 1785 2640 1880 margaritis,

508 1889 578 1956 in
619 1888 807 1980 cujus
852 1888 1109 1983 fastigio
1149 1889 1570 1983 horologium
1611 1888 1822 1958 erat¹⁰
1855 1915 1870 1957 :
1915 1892 2146 1984 imago·
2173 1896 2298 1958 Cn.
2341 1892 2634 1985 Pompeii

512 2018 547 2061 e
595 1996 1001 2087 inargaritiS‚
1044 1993 1153 2062 illa
1196 1998 1377 2087 regio
1417 1994 1674 2063 honore
1719 2009 1939 2088 grata,
1979 1994 2150 2066 illius
2195 1997 2386 2091 probi
2415 1995 2455 2020 ²¹
2505 1998 2638 2065 oris

515 2098 1003 2191 venerandique
1041 2123 1162 2193 per
1202 2115 1475 2169 cunctas
1512 2115 1775 2195 genteS,
1818 2101 1961 2186 illa,
2007 2103 2310 2195 inquam,
2342 2127 2422 2170 ex
2447 2126 2636 2170 mar—

515 2205 781 2297 garitis,
836 2199 1179 2272 severitate
1217 2206 1428 2335 vict3a‚
1476 2220 1543 2274 et
1597 2209 1854 2275 veiiore
1897 2205 2235 2276 luxuriae'²
2278 2205 2638 2301 triumpho.

445 2329 475 2380 3
510 2309 819 2379 Profecto
860 2311 1032 2378 inter
1070 2295 1360 2380 molles¹³
1400 2313 1580 2382 viros
1619 2309 1920 2382 durasset
1962 2313 2334 2408 cognomen
2375 2313 2642 2406 Magni,

496 2510 503 2522 '
597 2516 649 2573 4.
669 2511 730 2562 ln
749 2511 963 2580 septimo.
984 2509 1149 2562 Libro
1167 2510 1297 2574 VII,
1318 2528 1363 2562 c.
1386 2531 1437 2581 7.
1460 2515 1530 2566 H.
1716 2530 1796 2565 ιο.
1857 2512 2174 2580 Horologium
2223 2524 2331 2562 emt
2379 2531 2400 2563 .-
2451 2513 2634 2581 imago.

596 2590 647 2640 5.
688 2589 763 2640 M.
805 2589 1017 2640 Messala
1056 2591 1345 2644 consulibus.
1373 2595 1533 2646 Anno
1617 2592 1765 2644 Brot.
1807 2609 1868 2642 ex
1911 2587 2038 2642 edit.
2071 2589 2303 2658 princip.
2334 2600 2396 2641 ut
2433 2603 2642 2644 constet

512 2667 676 2720 Urbis
702 2669 829 2734 693.
860 2666 1040 2720 Hum.
1618 2669 1816 2730 oratic,
1838 2686 2002 2739 quum
2027 2679 2210 2720 catera
2237 2668 2420 2720 sintin
2447 2682 2642 2739 quarto

596 2751 649 2800 6.
672 2748 769 2798 Die
786 2749 961 2800 natalis
979 2751 1068 2801 sui.
1093 2748 1533 2816 Unicumtrium-
1617 2765 1736 2801 casu
1755 2785 1770 2812 ,
1824 2773 1846 2794 ι
1887 2747 2224 2816 horologium
2271 2759 2384 2799 erat
2407 2785 2424 2812 ,
2478 2759 2540 2800 ut
2589 2759 2644 2801 et

513 2827 623 2898 pho
662 2823 802 2879 diem
852 2827 1059 2894 Plinius
1101 2827 1353 2900 adsignat.
1390 2826 1532 2880 Vide
1617 2827 1790 2897 imago
1819 2827 1918 2880 Cn.
1951 2825 2212 2898 Pompeii.
2241 2851 2264 2874 ι
2299 2827 2404 2879 En.

512 2907 853 2960 Plutarchum
881 2907 935 2958 in
968 2908 1241 2977 Pompeio.
1278 2906 1452 2959 Ham).
1705 2925 1728 2960 1
1749 2925 1767 2960 1
1781 2947 1794 2958 .
1813 2906 2106 2977 Illita-:probi
2123 2908 2240 2958 oris.
2261 2907 2326 2958 In
2345 2923 2455 2976 quo
2473 2906 2643 2959 forma

556 3031 561 3040 .
596 3005 647 3056 7.
696 2987 897 3038 Alveum
934 3007 1039 3038 ceam
1075 2991 1258 3040 tesseris
1290 2988 1530 3038 lusorium.
1621 3000 1672 3038 et
1703 2986 1900 3056 species
1937 2998 2013 3038 est
2059 2985 2306 3038 liberalis.
2351 2984 2646 3038 Familiaris

522 3065 601 3118 Ua
634 3065 837 3132 damin,
860 3065 944 3116 vel
976 3085 1038 3117 em
1070 3067 1320 3139 dcliiquier.
1352 3065 1418 3120 H.
1620 3065 1796 3118 Plinio
1823 3065 2057 3129 locutio,
2093 3077 2342 3136 usurpata
2371 3064 2645 3136 superius,

598 3146 649 3197 8.
690 3146 983 3198 Abacorum.
1018 3146 1155 3210 Quae
1185 3163 1380 3198 novem
1414 3145 1537 3198 aba·
1619 3145 1715 3198 lib.
1742 3145 1882 3206 Vll,
1909 3163 2028 3215 cap.
2062 3163 2151 3198 ιι.
2190 3143 2365 3198 ΒΑΜ).

516 3224 591 3278 cis
621 3223 901 3278 onerandis
942 3225 1085 3295 paria
1121 3226 1315 3278 forent.
1347 3225 1415 3278 H.
1707 3225 1915 3276 12.Et
1938 3227 2125 3290 vet-ion
2159 3225 2364 3276 luxuriet
2390 3223 2644 3294 triumpho.

596 3321 650 3372 9.
679 3303 909 3356 Muscam.
936 3308 1175 3357 Μουσεῖον
1196 3304 1532 3356 simulacrum
1622 3305 1692 3356 Et
1718 3303 1893 3357 verius
1931 3304 2186 3368 luxui-iai,
2210 3321 2368 3373 quam
2403 3300 2644 3373 Pompeii

514 3401 626 3436 csse
663 3382 896 3437 aediculae
930 3383 1093 3435 Musis
1117 3382 1271 3436 dictae
1300 3382 1532 3436 videtur.
1623 3383 1916 3453 triumpho.
1936 3413 2016 3424 --
2033 3383 2229 3434 Ver-iore
2251 3384 2456 3435 luxuria
2481 3385 2647 3432 trium-

516 3462 605 3516 Sic
640 3449 791 3515 Ῐσιῑον
827 3461 980 3514 Isidis
1020 3475 1452 3522 monumentum.
1480 3474 1538 3514 ut
1617 3463 1732 3532 pho.
1765 3464 1915 3516 Brot.
1955 3481 2024 3514 ex
2050 3461 2204 3516 MSS.
2243 3463 2406 3531 Regg.
2431 3472 2486 3512 et
2517 3457 2648 3513 edit.

516 3542 641 3594 alibi
679 3541 930 3594 diximus.
968 3540 1033 3592 H.
1056 3571 1132 3582 —
1156 3539 1389 3592 Muscam.
1414 3541 1540 3594 Mu·
1624 3543 1902 3612 principe,
1941 3568 1963 3589 ι
1989 3542 2198 3595 veriore
2225 3539 2460 3602 luxuria,
2489 3555 2648 3610 quam

516 3640 662 3674 scum
708 3617 1025 3672 crediderim
1068 3637 1179 3671 esse
1215 3619 1537 3682 armarium.
1627 3621 1928 3692 triumpho.
1961 3647 1982 3668 ι
2015 3622 2120 3674 En.

515 3719 625 3772 quo
644 3717 731 3752 res
754 3697 999 3768 pretiose
1019 3710 1164 3752 erant
1188 3697 1433 3752 condita.
1455 3699 1541 3753 Sic
1714 3700 1802 3753 13.
1853 3701 2082 3768 Profecto
2129 3702 2250 3752 inter
2299 3697 2486 3750 molles.
2547 3707 2650 3748 etc.

517 3792 569 3832 et
594 3798 691 3830 nos
724 3798 881 3830 musea
911 3778 1085 3832 adhuc
1115 3775 1344 3830 dicimus
1372 3797 1542 3832 arma·
1627 3779 1875 3834 Profecto
1919 3793 1970 3832 et
2011 3779 2194 3832 molles
2233 3775 2334 3828 viri
2379 3773 2447 3827 ad
2473 3775 2654 3845 Magni

514 3859 623 3923 ria,
648 3858 841 3929 quibus
864 3877 1133 3920 nummos,
1158 3858 1362 3928 aliaque
1384 3860 1544 3929 hujus
1629 3877 1923 3930 cognomen
1991 3857 2335 3929 ’aspin-assem,
2389 3855 2434 3907 si
2481 3854 2656 3924 primu

516 3938 746 4007 antiquo
764 3939 1119 4005 curiositatis,
1142 3936 1432 4034 recondere
1454 3957 1541 3992 so
1631 3939 1855 3992 victoria
1903 3939 1978 3990 sic
2024 3935 2395 4008 triumphasse·
2435 3953 2450 3988 :
2487 3951 2656 4004 quum

514 4012 970 4089 l‹=1nm=.Bno·1·.⁴
1631 4019 1890 4072 incertum
1919 4017 2084 4080 foret,
2132 4015 2368 4069 virtusne
2409 4025 2554 4076 tum,
2587 4029 2660 4066 an
