2975 4684
463 340 596 414 252
1241 342 1807 409 EXCURSUS.

459 460 650 514 dextro
673 459 837 512 literis
865 457 1106 532 implexis
1124 465 1247 510 ΜΥΡ
1265 462 1462 524 Myrina
1495 473 1600 522 est,
1634 458 1687 512 in
1714 460 1913 511 Lemno
1938 458 2106 510 insula
2134 458 2316 510 civitas
2335 496 2349 521 ,
2378 458 2449 511 de
2476 478 2587 529 qno

458 548 686 609 Plinius,
717 546 813 607 IV,
845 544 925 597 23.
1860 576 1865 583 ·

533 642 584 700 4.
613 634 787 705 Caput
803 631 1082 686 Alexandri
1099 632 1178 685 M.
1204 644 1400 686 tectum
1427 634 2061 704 galea-)(·Asmmror
2082 632 2587 685 ΒΑΣιΑΕΩΣ.νέοω-

462 723 540 775 ria
571 734 710 775 stans
735 720 966 791 palmam
1003 720 1213 773 sinistra
1242 732 1440 793 gestat,
1465 721 1649 774 dextra
1683 732 2208 775 coronam-ostentat.
2245 723 2430 773 Latere
2456 720 2581 772 dex·

463 822 571 875 tro,
600 809 650 861 H
676 826 874 883 annum
901 823 1123 860 octavum
1159 808 1424 879 designat.
1457 809 1540 861 Ad
1582 808 1745 880 pedes
1784 810 2025 861 Victoria
2062 808 2115 859 in
2154 827 2377 872 corona,
2416 807 2585 862 literis

463 896 706 967 implexis
728 902 852 949 ΜΥΡ
874 899 1068 960 Myrina
1094 910 1174 950 est
1193 935 1208 961 ,
1246 909 1303 949 ut
1329 898 1592 969 proxime.
1630 904 1836 951 Aureus
1864 896 1954 949 hic
1980 916 2232 951 nummus
2266 896 2587 969 perpulcher

462 996 540 1037 est
565 983 708 1055 apud
737 986 800 1037 D.
824 1002 896 1036 na
917 986 1168 1040 Cmsvns.

538 1073 586 1125 5.
614 1074 783 1143 Caput
809 1074 1096 1127 Alexandri
1117 1074 1196 1126 M.
1219 1073 1428 1129 leonina
1455 1075 1594 1145 pelle
1624 1086 1821 1128 tectum
1838 1112 1853 1135 ,
1878 1093 2011 1127 naso
2041 1070 2252 1127 adunco
2286 1083 2340 1125 et
2364 1074 2590 1125 incurvo

467 1164 543 1229 ·)(·
561 1160 765 1232 Jupiter
781 1160 1001 1226 sedens,
1021 1160 1202 1214 dextra
1229 1162 1458 1232 aquilam
1476 1200 1492 1223 ,
1513 1163 1727 1215 sinistra
1752 1162 1953 1215 hastam
1977 1162 2131 1232 gerit.
2162 1164 2352 1213 Latere
2379 1158 2586 1211 sinistro

439 1249 672 1311 ,nummi
706 1250 1028 1322 epigraphe,
1070 1256 1476 1303 ΑΑἙΞΑΝΔΡΟΥ.
1508 1252 1571 1303 In
1610 1252 1720 1303 imo
1760 1250 2031 1303 cathedra
2066 1248 2496 1309 intercolumnio,
2530 1247 2585 1299 in

467 1353 571 1406 qua
582 1336 792 1408 Jupiter
801 1336 966 1398 sedet,
980 1338 1150 1389 littera
1174 1345 1218 1389 Θ
1233 1356 1434 1390 annum
1455 1358 1639 1389 nonum
1656 1336 1943 1391 Alexandri
1967 1336 2225 1407 designat.
2244 1338 2309 1387 Et
2330 1334 2418 1387 hic
2434 1352 2585 1386 num-

467 1440 586 1477 mus
609 1424 1010 1477 tetradrachmoe
1027 1424 1263 1495 pondere
1289 1437 1596 1496 argenteus,
1622 1425 1678 1475 in
1698 1424 1921 1477 Cimelio
1944 1438 2124 1477 nostro
2145 1421 2442 1475 parisiensi.

537 1513 586 1565 6.
615 1510 789 1583 Caput
810 1509 1090 1564 Alexandri
1121 1512 1302 1585 Magni
1339 1512 1549 1565 leonina
1582 1511 1718 1581 pelle
1742 1516 2034 1577 tectum·)(·
2052 1510 2266 1580 Jupiter
2298 1507 2445 1561 sedet
2463 1548 2480 1573 ‚
2528 1520 2586 1557 nt

463 1598 722 1670 proxime.
752 1605 1159 1651 ΑΔΕΞΑΝΔΡΟΥ.
1187 1601 1376 1677 Latere
1406 1600 1594 1653 dextro
1620 1598 1853 1661 nummi,
1880 1606 1962 1661 ΔΙ,
1986 1598 2089 1651 hoo
2112 1609 2218 1662 est,
2248 1614 2387 1649 anno
2412 1609 2587 1663 quana

466 1690 666 1739 decimo.
705 1688 794 1739 Est
821 1686 908 1738 hic
933 1700 1209 1759 argenteus
1234 1688 1415 1741 forma
1443 1686 1758 1753 mediocris,
1790 1688 1845 1741 in
1878 1687 2103 1741 Cimelio
2136 1685 2323 1741 domus
2351 1684 2591 1755 professa

467 1785 659 1827 nostrae
687 1775 742 1825 in
771 1773 874 1826 hac
895 1774 1126 1827 civitate.

537 1882 590 1932 7.
611 1862 784 1930 Caput
805 1861 1092 1913 Alexandri
1121 1862 1298 1933 Magni
1325 1861 1543 1916 leonina
1570 1864 1707 1935 pelle
1732 1874 1967 1927 tectum;
1996 1861 2247 1932 appositis
2270 1859 2339 1913 ad
2366 1860 2503 1911 latus
2530 1859 2591 1911 li-

466 1948 594 1999 teris
622 1954 708 2012 111,
729 1946 832 2000 hoc
853 1962 930 2001 est
945 1986 962 2011 ,
986 1968 1129 2001 anno
1150 1952 1336 2023 deeinw
1363 1966 1550 2002 octavo·
1566 1954 1624 2019 )(·
1652 1952 1809 2006 Clava
1836 1969 1957 2003 eum
1982 1950 2224 2020 pharetra
2242 1984 2258 2010 ,
2296 1960 2349 2000 et
2378 1946 2593 1999 nomine

469 2040 876 2088 ΑΔΕΞΑΝΔΡΟΥ.
907 2036 998 2088 Est
1024 2055 1084 2088 ex
1111 2038 1333 2089 minimo
1357 2056 1457 2091 aere
1480 2040 1791 2111 perelegans
1818 2036 1963 2110 apud
1988 2038 2151 2089 CLV.
2178 2037 2249 2089 D.
2276 2037 2594 2090 Bnmxnor.

545 2122 598 2175 8.
642 2124 810 2195 Caput
844 2122 1125 2177 Alexandri
1168 2124 1348 2195 Magni
1388 2126 1682 2196 galeatum,
1724 2128 1919 2198 absque
1954 2124 2261 2197 epigraphe·
2278 2126 2335 2191 )(·
2356 2121 2595 2173 Victoria

470 2208 865 2265 dextroversum
883 2210 1138 2265 incedens
1159 2231 1410 2267 coronam
1430 2227 1659 2269 ostentat
1678 2254 1693 2279 ,
1724 2230 1786 2269 nt
1812 2214 2081 2268 victoriam
2106 2212 2307 2267 scilieet
2328 2210 2595 2265 Persicam

471 2298 751 2353 Occidenti
773 2311 824 2352 et
850 2298 1181 2352 Macedonio
1206 2301 1517 2355 annuntiet:
1547 2322 1655 2374 quo
1681 2304 1795 2375 ipso
1822 2304 2007 2357 dextro
2034 2302 2190 2354 latere
2212 2300 2411 2353 malum
2434 2296 2597 2351 Puni·

471 2406 627 2453 cnm,
652 2389 764 2440 sive
789 2400 1088 2459 granatum,
1109 2400 1160 2441 et
1185 2390 1286 2442 snb
1313 2408 1375 2442 eo
1403 2390 1561 2444 litera
1580 2398 1650 2454 A,
1678 2410 1797 2463 quae
1816 2394 2031 2459 primum
2058 2387 2265 2460 imperii
2292 2386 2491 2439 Persici
2504 2404 2597 2437 an·

469 2492 602 2526 num
637 2473 831 2527 indicat
860 2494 875 2528 :
910 2495 941 2529 a
969 2489 1118 2549 tergo
1138 2478 1372 2531 Victoria
1401 2479 1550 2549 qnasi
1572 2470 1905 2549 relinquente
1940 2478 2139 2531 literam
2168 2484 2243 2538 K,
2272 2492 2395 2545 quo
2432 2486 2509 2527 est
2536 2474 2593 2527 in

471 2560 684 2615 sinistro
724 2565 931 2617 nummi
970 2564 1164 2629 latere,
1200 2576 1251 2619 et
1281 2569 1563 2619 vicesimum
1588 2565 1905 2630 Alexandri,
1944 2565 2003 2617 in
2032 2562 2343 2617 Macedonis
2377 2562 2597 2633 utique,

471 2668 670 2703 annum
711 2650 961 2724 designat.
996 2654 1157 2707 Abest
1191 2655 1474 2709 Alexandri
1512 2672 1741 2718 nomen;
1779 2653 2115 2707 existimante
2154 2670 2283 2705 sane
2322 2650 2595 2719 ingenioso

473 2737 665 2809 opifice
680 2776 698 2803 ‚
734 2740 922 2793 frustra
943 2760 1140 2795 nomen
1160 2742 1386 2813 apponi,
1429 2760 1538 2813 quo
1562 2753 1798 2812 tempore
1828 2760 1927 2793 nec
1954 2740 2092 2793 alins
2114 2739 2169 2789 in
2201 2737 2329 2790 orbe
2354 2736 2597 2807 princeps

473 2842 717 2881 nummos
744 2846 808 2881 ex
835 2842 1052 2900 argento
1073 2830 1319 2895 cuderet,
1349 2844 1539 2900 proter
1573 2816 1969 2882 Alexandrum:
2000 2839 2053 2879 et
2079 2826 2261 2879 omnia
2288 2826 2343 2876 in
2370 2825 2470 2876 isto
2496 2842 2597 2875 nu·

475 2914 717 2968 mismate
749 2916 1014 2968 victoriam
1055 2916 1320 2969 Persicam
1359 2916 1746 2989 prtedioarent:
1776 2932 1973 2985 nempe
1998 2915 2263 2985 galeatum
2290 2922 2479 2982 caput,
2502 2910 2597 2960 vi-

475 3003 640 3055 ctoria
667 3015 808 3055 retro
837 3003 1110 3073 apposita,
1163 3004 1583 3077 malogranatum
1628 3002 1823 3055 Persici
1870 3000 2079 3072 imperii
2118 3011 2240 3052 nota
2262 3036 2279 3061 ,
2324 3016 2493 3050 annus
2525 2996 2599 3047 ibi

473 3086 706 3160 denique
735 3089 937 3160 primus
971 3110 1092 3142 eum
1123 3091 1369 3147 vicesimo
1395 3092 1739 3161 compositus.
1784 3090 1915 3142 Nam
1954 3089 2161 3143 cuinam
2202 3096 2417 3157 possent
2446 3084 2597 3154 prin-

477 3174 585 3246 cipi
615 3174 698 3229 lire
726 3189 866 3229 notae
891 3180 1200 3243 convenire,
1235 3190 1582 3250 praeterquam
1615 3178 1704 3230 uni
1739 3174 2074 3229 Alexandro?
2106 3176 2241 3228 Nam
2272 3173 2599 3243 malograna-

479 3274 595 3315 tum
629 3280 728 3332 pro
765 3261 940 3315 indice
971 3265 1121 3333 regni
1159 3266 1349 3318 Persici
1379 3266 1455 3317 ibi
1494 3282 1637 3326 esse,
1673 3262 1821 3335 qnod
1852 3264 1995 3315 ferax
2026 3261 2217 3313 horum
2246 3260 2513 3311 fructuum
2541 3274 2601 3307 ea

477 3348 624 3420 regio
647 3349 738 3411 sit,
765 3349 912 3401 testis
935 3350 1114 3401 afferri
1133 3362 1302 3421 potest
1319 3351 1669 3414 Plutarchus;
1706 3350 1802 3421 qui
1831 3366 2051 3421 pomum
2074 3344 2382 3418 hujusmodi
2402 3345 2603 3415 magni-

481 3434 666 3490 tudine
694 3434 896 3506 insigne
931 3436 1164 3489 oblatnm
1196 3439 1357 3490 fuisse
1376 3438 1648 3491 Artaxerxi
1691 3437 1851 3490 refert
1888 3437 1942 3488 iu
1983 3438 2099 3507 ejus
2126 3436 2261 3498 vita,
2300 3451 2422 3505 pag.
2449 3430 2602 3485 1013.

479 3525 642 3577 Favet
660 3538 708 3577 et
729 3522 1056 3587 Herodotus,
1083 3524 1219 3589 VH,
1251 3544 1305 3577 n.
1339 3534 1424 3589 41.
1460 3528 1558 3581 Est
1584 3526 1670 3580 hic
1695 3544 1943 3579 nummus
1977 3542 2100 3577 sane
2136 3540 2382 3595 perrarus
2406 3537 2469 3572 ac
2494 3519 2606 3571 sin·

482 3612 708 3683 gularis,
745 3631 808 3665 ex
833 3624 1076 3682 argento,
1106 3612 1294 3681 primae
1317 3614 1497 3679 molis,
1528 3616 1583 3666 in
1604 3613 1701 3666 hac
1726 3614 1939 3667 civitate
1960 3612 2269 3674 Parisiensi,
2292 3612 2347 3661 in
2371 3606 2605 3675 loeuple-

483 3700 685 3753 tissimo
723 3698 942 3753 Cimelio
968 3700 1036 3750 D.
1069 3717 1136 3751 ιιι
1165 3696 1287 3749 [1η
1313 3717 1326 3750 :
1353 3716 1383 3750 a
1413 3717 1520 3770 quo
1548 3702 1886 3753 numismatis
1910 3717 2207 3771 expressam
2231 3696 2287 3747 in
2313 3710 2439 3745 cera
2462 3692 2604 3745 ima-

483 3786 660 3857 ginem
689 3790 1005 3861 accepimus.

556 3894 604 3940 9.
645 3876 816 3947 Caput
843 3874 1123 3929 Alexandri
1152 3870 1331 3946 Magni
1363 3875 1569 3929 leonina
1594 3880 1733 3949 pelle
1760 3890 1982 3931 tectum·
2003 3878 2066 3943 )(·
2094 3872 2301 3944 Jupiter
2322 3868 2469 3923 sedet
2488 3906 2505 3933 2
2544 3880 2607 3921 ¹¹⁸

487 3958 540 4015 in
570 3964 835 4029 prioribus
857 3966 1101 4017 nummis.
1124 3966 1310 4017 Latere
1330 3965 1542 4019 sinistro
1561 3970 1970 4019 ΑΛΕΞΑΝΔΡΟΥ.
1985 3966 2176 4016 Dextro
2194 3968 2289 4016 K<
2314 3978 2327 4013 ι
2355 3956 2613 4019 connexis,
