2975 4684
1084 360 1391 428 LIBER
1438 360 1752 428 XXXV.

2337 358 2476 443 425

372 506 625 561 tantum
662 492 1034 578 assumitur,
1061 490 1305 560 inutilis
1344 490 1850 561 versicoloribus
1879 514 1895 557 :
1933 504 2000 557 et
2037 505 2136 559 est
2171 489 2478 561 vilissima

266 614 273 623 ·
366 600 667 667 omnium
706 595 999 667 Cimoliae
1027 622 1339 691 generum
1377 618 1391 660 :
1426 598 1774 691 pretiosior
1799 596 2118 667 Umbrica
2142 650 2160 683 ,
2193 611 2258 666 et
2281 623 2476 691 quam

371 717 615 771 vocant
666 727 913 771 saxum.
962 704 1334 796 Proprietas
1380 706 1517 771 saxi
1539 702 1608 787 ¹⁰,
1650 702 1828 796 quod
1871 704 2103 771 crescit
2137 703 2206 769 in
2255 720 2478 773 maee-
2517 708 2548 759 3

372 808 582 877 raudo
609 834 627 876 z
651 824 848 901 atque
868 808 1161 902 pondere
1189 810 1449 895 emitur,
1477 807 1587 876 illa
1609 806 1986 876 mensura¹¹.
2002 808 2322 877 Umbrica
2345 835 2478 879 non

370 915 491 983 nisi
529 912 851 1009 poliendis
886 908 1175 983 vestibus
1198 915 1570 983 assumitur.
1595 914 1827 1007 Neque
1849 914 2019 981 enim
2044 913 2477 1008 pigebithanc

369 1044 630 1113 quoque
666 1034 917 1113 partem
946 1022 1267 1115 attingere
1286 1073 1305 1106 ,
1340 1046 1548 1113 quum
1574 1017 1680 1087 lex
1707 1016 2028 1088 Metella¹²
2056 1033 2261 1088 exstet
2283 1019 2474 1089 fullo-

368 1124 558 1194 nibus
619 1124 826 1212 dicta,
879 1150 1077 1220 quam
1129 1127 1206 1193 C.
1250 1124 1653 1209 FlaminiuS,
1712 1128 1788 1193 L.
1827 1121 2124 1192 AEmilius
2173 1150 2476 1196 censores

366 1228 605 1299 dedere
630 1232 713 1299 ad
736 1232 1054 1326 populum
1077 1229 1433 1302 ferendam.
1452 1230 1637 1299 Adeo
1672 1230 1888 1298 omnia
1917 1228 2274 1357 majoribus
2302 1255 2475 1301 curae
2515 1252 2544 1299 4

366 1334 572 1404 fueime
621 1340 802 1429 Ergo
836 1336 1003 1404 ordo
1034 1335 1143 1403 hic
1171 1350 1303 1404 est:
1335 1337 1620 1429 primum
1657 1335 1944 1403 abluitur
1972 1332 2188 1402 vestis¹
2195 1320 2478 1415 ³Sarda,

365 1438 517 1509 dein
564 1438 879 1535 sulphure
919 1440 1224 1509 suffitur:
1274 1464 1429 1508 mox
1469 1437 1936 1533 desquamatur
1976 1437 2293 1525 Cimolia,
2332 1465 2478 1534 quae

366 1560 465 1613 est
499 1542 737 1614 coloris
760 1547 919 1613 veri.
940 1548 1225 1613 Fucatus
1250 1546 1424 1612 enim
1448 1544 1960 1639 deprehenditur
1977 1597 1996 1630 ,
2020 1544 2478 1638 nigrescitque,

365 1664 434 1716 et
482 1648 781 1717 funditur
820 1648 1158 1743 sulphure.
1202 1652 1415 1718 Veros
1462 1665 1681 1718 autem
1738 1664 1804 1720 et
1844 1650 2166 1743 pretiosos
2221 1649 2474 1719 colores

366 1753 617 1823 emollit
657 1753 975 1841 Cimolia,
1018 1769 1085 1823 et
1116 1738 1401 1849 quodam
1444 1758 1660 1825 nitore
1695 1754 2012 1825 exhilarat
2061 1758 2478 1824 contristatos

365 1857 702 1977 sulphure.
739 1859 1053 1929 Candidis
1094 1859 1385 1929 vestibus
1432 1884 1661 1929 saxum
1713 1847 1999 1929 utilius¹⁴
2045 1884 2084 1927 a
2128 1859 2482 1954 sulphure,

360 1965 697 2033 inimicum
740 1964 1085 2035 coloribus.
1136 1965 1391 2034 Graecia
1432 1990 1556 2058 pro
1603 1964 1882 2034 Cimolia
1919 1966 2328 2059 Tymphaico
2366 1968 2484 2033 uti-

360 2082 470 2138 tur
496 2126 536 2165 „
581 2057 782 2165 pso¹⁵.

362 2236 415 2295 in
438 2235 618 2289 Aulul.
644 2248 743 2290 act.
759 2237 863 2302 lv,
883 2254 1095 2304 scen.9,
1116 2239 1149 2287 6
1176 2252 1191 2287 :
1222 2260 1245 2282 ι
1264 2234 1378 2299 Qui

362 2316 554 2367 vestitu
577 2328 630 2367 et
661 2326 801 2369 creta
828 2314 1093 2367 occultant
1131 2332 1270 2376 sese,
1302 2326 1379 2367 at-

365 2411 470 2463 que
504 2392 723 2459 sedent,
750 2394 901 2464 quasi
928 2394 1034 2445 sint
1061 2392 1221 2462 frugi.
1251 2418 1275 2439 n
1313 2392 1383 2444 H.

364 2504 439 2513 --
463 2472 523 2523 In
547 2474 771 2527 vestibus.
822 2474 885 2525 In
929 2472 1098 2525 insula
1138 2470 1381 2536 Cimolo,

365 2552 712 2621 l'Argentie‘oe,
754 2549 822 2605 ad
860 2548 1178 2604 dealbandas
1212 2562 1381 2603 vestes

366 2630 670 2683 etiamnunc
736 2644 872 2684 terra
928 2630 1157 2684 Cimolia
1219 2640 1381 2682 utun·

368 2720 471 2761 tur.
496 2711 601 2762 En.

454 2806 537 2839 10.
580 2787 863 2856 Proprietas
906 2792 1032 2839 saxi.
1082 2786 1387 2854 Proprietas

370 2865 483 2934 ejus
516 2878 672 2917 cretae
690 2904 705 2927 ,
756 2883 913 2935 quam
944 2882 1128 2916 saxum
1159 2876 1347 2916 vocant
1366 2902 1381 2928 ,

372 2940 521 3011 quod
550 2943 736 2995 crescit
758 2943 885 2994 dum
906 2960 1041 3014 aqua
1072 2955 1381 2995 maceratur.

372 3020 555 3074 Hum-

456 3119 479 3153 1
495 3118 517 3153 1
532 3140 545 3153 .
558 3100 658 3153 Illo
672 3118 905 3152 mensura.
919 3096 1083 3152 Sarda
1100 3116 1227 3153 vero
1239 3119 1385 3153 men·

366 3197 485 3233 sura
514 3179 724 3232 emitur.
756 3180 937 3231 Hnm.

451 3279 474 3313 1
487 3279 536 3311 2.
564 3259 669 3310 Lex
686 3258 902 3313 Metella.
928 3258 1107 3311 Latum
1128 3277 1156 3310 u
1174 3258 1253 3311 M.
1268 3258 1383 3311 Me-

365 3338 514 3404 tilio,
560 3338 651 3408 qui
680 3337 894 3390 tertium
934 3339 1178 3391 tribunus
1213 3338 1385 3408 plebis

366 3418 525 3472 fuisse
555 3415 789 3483 dicitur,
810 3436 933 3470 ann.
965 3417 1035 3470 U.
1079 3416 1189 3479 354
1208 3456 1222 3481 ,
1254 3416 1381 3469 olim

364 3496 493 3549 elios
518 3496 729 3567 sequuti
760 3494 1025 3549 diximus:
1052 3514 1197 3549 nunc
1242 3495 1386 3548 timi-

366 3574 542 3629 diores
580 3574 737 3639 sacti,
763 3596 791 3629 a
824 3576 1085 3629 constanti
1126 3593 1385 3628 consensu

365 3654 627 3709 librorum
667 3654 909 3707 omnium
931 3652 1199 3708 discedere
1217 3686 1233 3714 ‚
1261 3655 1385 3707 reli-

366 3732 512 3802 gioni
527 3734 785 3788 ducimus.
810 3736 993 3804 Itaque
1016 3736 1181 3804 legem
1198 3734 1385 3787 Metel-

368 3810 471 3865 lam
504 3814 854 3885 reposuimus.
897 3816 991 3867 Est
1016 3811 1237 3885 quidem
1273 3813 1383 3865 Me-

370 3890 505 3943 tellus
529 3892 861 3947 Caeciliorum
891 3911 1205 3965 cognomen.
1228 3898 1276 3945 A
1292 3911 1385 3945 no-

374 3969 599 4023 minibus
650 3985 823 4027 autem
875 3972 1138 4045 propriis,
1178 3990 1285 4025 non
1318 3972 1384 4025 ab

1465 2252 1648 2287 eorum
1669 2234 2076 2306 cognominibus
2089 2273 2106 2299 ‚
2133 2234 2225 2304 qui
2243 2233 2381 2304 leges
2400 2245 2484 2285 tn-

1464 2313 1608 2379 lere,
1641 2314 2050 2384 appellationem
2101 2332 2186 2366 eas
2228 2313 2484 2384 accepisse

1462 2411 1574 2444 non
1605 2391 1914 2447 diffitemur.
1944 2392 2048 2445 Sed
2077 2392 2352 2445 transierat
2375 2391 2486 2442 Me-

1466 2472 1577 2523 telli
1601 2488 1894 2541 cognomen
1910 2472 1964 2524 in
1979 2471 2264 2543 proprium
2287 2488 2483 2523 nomen

1465 2549 1678 2603 familia
1700 2550 2062 2603 Metellorum.
2089 2548 2484 2603 Han-Cen-

1464 2647 1611 2680 sores.
1655 2630 1812 2679 Anno
1842 2628 2040 2681 scilicet
2066 2628 2230 2681 Urbis
2260 2626 2486 2681 conditae

1470 2706 1582 2759 535
1605 2744 1620 2771 ‚
1643 2719 1700 2759 ut
1726 2707 1970 2759 Broterio
2002 2707 2188 2776 placet.
2221 2708 2324 2759 En.

1553 2804 1576 2838 ι
1591 2784 1642 2837 3.
1669 2786 1884 2837 Primum
1901 2785 2114 2837 abluitur
2136 2804 2218 2837 ves
2225 2790 2284 2837 tis
2302 2784 2480 2837 Sarda.

1467 2864 1650 2917 Primo
1673 2876 1842 2917 vestes
1865 2864 2153 2916 abluuntur
2185 2864 2350 2917 Sarda
2369 2882 2484 2917 cre-

1468 2956 1518 2996 ta
1533 2962 1547 2994 :
1565 2942 1758 2995 deinde
1777 2942 2032 3011 sulphure
2043 2943 2476 3013 suffumigantur:

1468 3041 1593 3073 mox
1619 3020 2030 3092 desquamantur
2053 3022 2308 3087 Cimolia,
2335 3024 2485 3092 cujus

1466 3102 1616 3153 color
1657 3102 1724 3153 sit
1770 3100 2018 3153 sincerus.
2065 3101 2290 3154 Fucatns
2342 3100 2484 3153 enim

1468 3176 1912 3250 deprehenditur,
1931 3192 2028 3231 etc.
2059 3180 2332 3233 Hartm—
2351 3181 2486 3233 Fun-

1468 3258 1606 3311 ditur
1629 3258 1868 3329 sulphure.
1897 3259 2066 3312 Gron.
2095 3272 2149 3313 et
2169 3260 2252 3313 Al.
2275 3260 2489 3327 effundi-

1472 3349 1565 3391 tur.
1589 3339 1692 3391 En.

1555 3436 1578 3470 1
1593 3424 1644 3480 4.
1682 3416 1918 3469 Candidis
1939 3416 2150 3470 vestibus
2191 3436 2356 3471 saxum
2395 3418 2488 3467 uti·

1469 3497 1578 3550 lius.
1633 3494 1886 3551 Candidis
1915 3498 2150 3551 vestibus
2187 3507 2327 3549 creta
2375 3495 2488 3545 vul-

1468 3575 1634 3649 garis,
1664 3594 1780 3647 quoe
1809 3595 1988 3630 saxum
2021 3587 2276 3639 vocatur,
2303 3572 2488 3625 utilior

1468 3670 1572 3722 est,
1599 3670 1878 3728 postquam
1908 3655 2166 3723 sulphure
2194 3664 2316 3704 sunt
2337 3650 2485 3704 suffi-

1469 3747 1564 3792 ta:
1589 3734 1802 3788 inimica
1837 3734 2071 3787 vestibus
2088 3772 2104 3796 ,
2128 3748 2245 3802 quoe
2267 3730 2377 3783 sint
2397 3748 2487 3782 eo·

1468 3816 1584 3868 lore
1608 3815 1786 3885 aliquo
1815 3814 2041 3865 infectae.
2069 3809 2254 3865 Hann-

1559 3912 1580 3946 1
1595 3894 1646 3949 5.
1682 3894 1978 3965 Tympleuico
1999 3893 2153 3941 utitur·
2172 3906 2347 3959 gypso.
2379 3888 2488 3941 No-

1470 3992 1593 4026 men
1629 3970 1686 4025 id
1717 3970 1868 4044 gypsi
1904 3987 2067 4039 genus
2096 3967 2256 4022 hahet
2273 3986 2302 4020 e
2320 3968 2487 4039 Tym-
