2975 4684
537 355 672 427 512

531 492 622 579 Q.
657 477 948 557 Marcius
979 486 1121 553 Rex
1166 473 1401 554 fecith.

1069 356 1145 423 C.
1198 354 1545 425 PLINII
1592 356 1806 425 NAT.
1860 355 2108 423 HIST.

1446 488 1571 555 Is
1548 513 1766 579 jussus
1808 512 1848 555 a
1885 500 2115 556 senatu
2154 510 2467 581 aquarum
2512 492 2693 585 Ap-

538 581 696 691 piae⁸
701 592 747 677 ²,
793 576 1121 660 Anienis⁸³
1128 644 1147 676 ‚
1185 590 1482 684 Tepulae,
1526 592 1764 661 ductus
1813 592 2113 678 reficere,
2150 617 2389 660 novam
2434 618 2475 661 a
2522 620 2675 662 no-

537 723 712 769 mlsse
751 721 871 764 Suo
884 682 936 726 ⁸⁴

989 693 1382 789 appellatam
1430 698 1747 767 cuniculis
1804 722 1925 791 per
1970 711 2225 765 montes
2268 700 2432 766 actis
2476 700 2675 767 intra

538 817 838 900 praeturae
881 826 1012 870 suae
1051 817 1309 894 tempus
1355 801 1644 871 adduxit.
1677 788 2028 897 Agrippa⁸⁵
2053 826 2213 870 vero
2247 802 2315 869 in
2350 802 2677 871 aedilitate

539 934 690 995 sua,
725 906 976 999 adjecta
1001 907 1276 1024 Virgine
1303 931 1517 1002 aqua,
1547 910 1795 978 caeteris
1828 907 2169 975 corrivatis
2204 920 2403 1001 atque
2430 934 2671 977 emen·

539 1014 738 1101 datis,
777 997 1020 1081 lacus⁸⁶
1057 1012 1503 1106 septingentos
1536 1013 1690 1083 fecit
1718 1038 1732 1081 ε
1762 1026 2075 1106 praeterea
2113 1000 2483 1081 salientes⁸⁷
2510 1038 2668 1082 cen·

540 1216 685 1269 lebre
702 1232 729 1266 a
755 1213 818 1266 C.
845 1210 1080 1265 Curione
1098 1228 1238 1262 anno
1259 1208 1423 1262 Urbis
1439 1228 1559 1263 oon·
1640 1207 1810 1281 Apud
1833 1211 1866 1262 J
1870 1211 1943 1262 ul.
1971 1208 2185 1263 Fontin.
2226 1210 2321 1262 lib.
2356 1208 2427 1262 de
2464 1210 2665 1281 Aque-

542 1295 666 1348 dito
693 1311 794 1363 701
827 1290 1032 1344 editum
1049 1327 1065 1354 ,
1085 1288 1356 1342 fatendum
1380 1301 1556 1341 tamen
1641 1288 1787 1343 duct.
1815 1301 1981 1342 exstat
2008 1289 2531 1342 senatusconsultum.
2560 1308 2662 1342 nn.

542 1376 599 1427 in
618 1392 684 1427 eo
713 1372 870 1424 fuisse
883 1370 1080 1421 mirum
1099 1368 1223 1420 artis
1241 1367 1557 1421 mechanica

545 1462 965 1507 monumentum.
999 1447 1163 1499 Baor.

629 1535 720 1586 81.
769 1531 895 1598 Quoe
928 1528 993 1595 Q.
1035 1526 1249 1577 Marcius
1288 1526 1394 1579 Rex
1419 1527 1559 1593 feeit.

547 1610 838 1666 Proconsul
856 1609 898 1661 is
913 1606 1054 1659 bello
1066 1603 1427 1659 Mithridatico
1441 1622 1563 1657 cum

553 1690 723 1743 tribus
745 1686 1037 1758 legionibus
1059 1684 1112 1736 in
1133 1684 1372 1737 Ciliciam
1393 1697 1444 1737 et
1463 1682 1565 1753 Ly-

479 1758 493 1769 ’
551 1768 788 1824 eaoniam
811 1767 998 1818 missus
1017 1775 1095 1816 est
1118 1780 1132 1814 ε
1153 1763 1294 1815 bello
1319 1758 1568 1816 Catilium-

550 1848 633 1903 rio
650 1848 692 1899 F
693 1846 847 1898 esulis
874 1861 972 1914 pro
995 1842 1262 1911 republica
1281 1842 1566 1895 exereitum

549 1925 720 1993 coegit
756 1941 770 1975 ε
812 1922 990 1974 Gallos
1036 1921 1135 1971 sub
1179 1921 1400 1990 Alpibus
1443 1922 1569 1972 sitos

550 2003 704 2056 vicit:
722 2000 980 2051 coloniam
1004 1998 1301 2049 Narbonem
1318 1998 1569 2050 Martium

551 2078 804 2133 deduxit:
839 2076 1144 2139 Sallustius,
1171 2076 1311 2127 Dion
1330 2114 1346 2137 ,
1373 2078 1567 2128 Eutro-

549 2159 688 2231 pius.
710 2159 916 2227 Aquam
941 2153 1190 2205 Marciam
1210 2192 1224 2216 ,
1243 2151 1313 2205 de
1331 2172 1434 2225 qua
1462 2152 1569 2221 hic,

553 2236 788 2291 adduxit.
824 2236 962 2286 Du..
991 2262 1072 2271 --
1101 2234 1168 2301 Q.
1207 2232 1420 2284 Marcius
1449 2235 1569 2285 Rex.

552 2318 616 2370 In
637 2318 670 2370 J
673 2316 784 2370 ulio
815 2311 1070 2365 Frontino
1085 2349 1103 2377 ‚
1125 2311 1219 2363 lib.
1246 2313 1275 2364 1
1297 2310 1366 2365 de
1387 2314 1575 2382 Aquae.

553 2395 828 2457 ductibus,
859 2390 1078 2461 legimus
1105 2408 1294 2461 aquam
1317 2392 1573 2444 Marciam

553 2495 584 2529 a
625 2475 700 2525 M.
737 2471 886 2523 Titio
924 2482 1151 2540 praetore
1203 2465 1224 2531 (
1241 2490 1341 2542 pro
1381 2470 1573 2523 Marcio

547 2546 776 2625 proetore)
795 2546 1100 2620 perductam
1116 2568 1254 2603 anno
1271 2551 1408 2602 Urb.
1427 2554 1459 2601 6
1473 2568 1539 2603 to
1554 2586 1571 2613 ‚

557 2634 669 2685 Ser.
709 2627 946 2699 Sulpicio
995 2628 1192 2694 Galba,
1237 2630 1301 2680 L.
1355 2628 1572 2681 Aurelio

557 2710 712 2763 Cotta
719 2725 851 2760 coss.
865 2708 1092 2779 Concipi
1101 2726 1287 2779 aquam
1299 2704 1572 2760 eam·idem

553 2788 638 2841 via
660 2787 870 2839 Valeria
890 2784 1160 2851 admonet,
1183 2798 1283 2838 etc.
1313 2788 1492 2838 Ham).

637 2871 734 2922 82.
756 2868 952 2937 Appia.
979 2866 1180 2937 Appius
1197 2862 1448 2918 Claudius
1461 2864 1571 2917 Cae-

556 2966 651 3001 cus
687 2964 881 3017 aquam
923 2942 1169 3007 adduxit,
1204 2960 1359 3013 quam
1393 2955 1445 2994 et
1475 2960 1573 2994 suo

557 3025 884 3095 praenomine
907 3024 1168 3093 Appiam,
1205 3034 1262 3075 ut
1291 3021 1573 3091 scriptores

557 3103 796 3173 plerique
835 3102 1126 3172 appelleon
1160 3102 1244 3153 vel
1288 3117 1318 3151 e
1357 3100 1575 3153 nomine

559 3178 831 3234 Claudiam
846 3214 864 3243 ‚
898 3192 958 3230 ut
985 3178 1351 3243 Cassiodorus,
1376 3192 1430 3232 et
1453 3178 1573 3243 alii,

558 3258 898 3328 nuncupavit.
922 3257 1132 3309 Livium
1163 3256 1286 3310 vide
1303 3298 1318 3325 ,
1343 3257 1435 3309 lib.
1462 3258 1573 3323 lx,

560 3359 615 3410 p.
642 3342 768 3391 162.
784 3336 950 3387 Vetus
975 3335 1248 3404 inscriptio
1268 3334 1410 3405 apud
1431 3336 1573 3389 Gru-

559 3432 732 3473 terum
746 3452 763 3479 ,
783 3431 902 3485 pag.
931 3416 1063 3481 489,
1081 3412 1172 3466 sed
1189 3414 1307 3467 ficta
1329 3436 1342 3464 τ
1368 3432 1571 3468 arrivs.

562 3512 835 3553 canons.
870 3510 920 3543 c.
963 3510 1009 3543 r.
1039 3508 1248 3543 eancvs.
1285 3510 1442 3544 vrm.
1483 3512 1573 3545 n-

559 3594 718 3630 run.
745 3590 986 3627 στεπη.
1015 3588 1101 3623 ιτ.
1139 3588 1349 3631 Aoum.
1379 3590 1457 3623 ιιι.
1481 3590 1574 3625 vn-

559 3674 695 3709 unu.
742 3670 1002 3705 Annvnr.
1041 3647 1198 3701 Unde
1231 3666 1366 3719 aqua
1401 3668 1460 3701 ea
1487 3650 1575 3703 de-

559 3734 716 3787 ducta
745 3733 839 3797 sit,
863 3731 1018 3784 docet
1047 3728 1363 3793 Frontinus,
1389 3728 1486 3782 lib.
1514 3731 1571 3795 1,

559 3812 627 3865 de
654 3810 970 3883 Aquoeduet.
999 3809 1178 3862 Haan.

555 3952 564 3963 ·
641 3891 734 3943 83.
775 3890 996 3944 Anienis.
1045 3890 1126 3941 Ab
1173 3888 1371 3940 Aniene
1413 3905 1570 3940 amne

559 3966 828 4029 deducte,
854 3968 1050 4040 dequo
1075 3968 1170 4021 lib.
1197 3968 1306 4032 111,
1326 3986 1445 4037 cap.
1477 3986 1568 4035 17.

1644 1386 1806 1421 uvis.
1869 1386 2139 1420 srncvnvs.
2202 1384 2661 1429 rourcrnvsqux.

1645 1465 1852 1501 uun.
1878 1464 2136 1499 nuent.
2163 1464 2375 1499 arrian.
2398 1466 2659 1499 mannan.

1646 1544 1883 1581 anons.
1916 1543 2280 1580 antrannis.
2314 1526 2381 1582 Et
2411 1526 2567 1579 initio
2594 1526 2659 1577 li·

1645 1606 1727 1658 bri
1751 1604 1908 1674 primi
1937 1645 1955 1667 ,
2001 1606 2263 1659 Anionem
2304 1618 2556 1663 veterem.
2602 1618 2661 1656 et

1647 1683 1910 1735 Anionem
1949 1702 2143 1735 novum
2162 1723 2176 1747 ,
2216 1684 2355 1736 inter
2378 1702 2535 1755 aquas
2562 1703 2659 1753 ap-

1646 1762 1809 1833 pellat
1834 1802 1851 1826 ,
1902 1780 2019 1832 quai
2064 1761 2120 1815 in
2166 1762 2367 1814 Urbem
2414 1761 2657 1815 influunt.

1649 1841 1911 1894 Anionem
1938 1854 2163 1893 veterem
2184 1859 2212 1892 a
2236 1848 2311 1892 Μ’
2330 1842 2495 1895 Curio
2518 1843 2659 1893 Den-

1650 1932 1759 1971 tato
1774 1959 1789 1985 ,
1811 1919 1903 1990 qui
1924 1938 2195 1972 censuram
2214 1938 2339 1972 cum
2362 1921 2426 1971 L.
2446 1920 2655 1991 Papirio

1652 1999 1881 2052 Cursore
1898 2000 2079 2069 gessit,
2094 2016 2160 2051 ex
2179 1999 2439 2051 manubiis
2454 1998 2520 2053 de
2534 1999 2658 2069 Pyr-

1649 2077 1751 2129 rho
1782 2078 1945 2147 captis
1964 2116 1979 2141 ,
2006 2075 2323 2147 perductum
2354 2079 2404 2129 in
2435 2077 2651 2130 Urbem.

1652 2157 1733 2209 De
1756 2156 1861 2209 boc
1902 2155 2103 2208 Plinius
2144 2157 2269 2225 agit.
2318 2156 2450 2209 Anio
2488 2172 2657 2209 novus

1652 2233 1843 2287 deinde
1876 2234 2099 2287 Claudio
2144 2234 2386 2306 principe
2414 2254 2657 2289 consum·

1654 2326 1843 2366 matus.
1860 2314 2117 2383 Tepulam
2148 2331 2273 2366 vero
2304 2334 2367 2366 ex
2404 2334 2528 2386 agro
2556 2316 2658 2365 Lu-

1654 2392 1883 2457 cullano,
1901 2410 2061 2462 quem
2076 2390 2288 2464 quidam
2306 2395 2657 2447 Tusculanum

1653 2469 1904 2530 credunt,
1949 2472 2049 2524 Cn.
2080 2472 2327 2524 Servilius
2358 2472 2568 2541 Capio,
2607 2486 2657 2525 et

1654 2549 1715 2601 L.
1752 2549 1956 2601 Cassius
1982 2550 2253 2622 Longinus
2276 2568 2537 2613 censores,
2568 2568 2653 2603 an.

1657 2630 1763 2695 629
1784 2666 1799 2692 ,
1826 2628 1903 2680 Μ.
1920 2627 2128 2683 Plautio
2158 2630 2404 2701 Hypsaeo,
2432 2628 2509 2681 M.
2532 2628 2658 2681 Ful-

1653 2706 1743 2759 vio
1768 2706 1955 2759 Flacco
1982 2726 2113 2761 coss.
2152 2710 2367 2761 Romam
2388 2719 2442 2761 et
2472 2706 2526 2759 in
2556 2708 2656 2761 Ca·

1654 2784 1897 2856 pitolium
1938 2784 2295 2840 adducendam
2326 2798 2651 2840 curaverunt.

1660 2890 1683 2911 α
1712 2864 2028 2933 Concipitur
2067 2866 2148 2918 via
2188 2868 2368 2919 Latina
2388 2906 2403 2930 ‚
2432 2890 2457 2914 ι
2490 2865 2651 2937 inquit

1656 2941 1795 2995 idem
1828 2944 2117 2995 Frontinus
2135 2986 2150 3010 ,
2169 2958 2277 3009 etc.
2310 2946 2493 2998 lium.

1738 3024 1829 3087 84.
1852 3022 2037 3074 Novam
2060 3044 2092 3073 a
2119 3026 2303 3075 nomine
2326 3044 2429 3076 suo.
2458 3025 2647 3094 Aquam

1654 3100 1907 3153 Marciam
1942 3103 2379 3171 cognominatam.
2390 3100 2531 3155 Vide
2548 3120 2649 3173 quae

1656 3177 1723 3231 de
1750 3198 1811 3231 ea
1836 3198 1895 3231 re
1920 3176 2181 3246 diximus,
2203 3182 2299 3234 lib.
2324 3182 2646 3251 XXXLeap.

1662 3264 1753 3322 24.
1778 3258 1959 3310 Hiar).

1741 3336 1833 3390 85.
1851 3336 2235 3407 Agrae'ppa.Vide
2252 3356 2370 3409 quai
2386 3338 2525 3391 dicta
2544 3351 2652 3389 sunt

1656 3417 1897 3488 superius
1924 3433 1953 3467 a
1982 3416 2159 3479 nobis,
2182 3418 2273 3469 lib.
2312 3418 2521 3480 xxxl,
2548 3434 2652 3487 cap.

1660 3504 1751 3559 ²4·
1770 3494 1943 3548 Gessit
1963 3495 2005 3545 is
2024 3493 2322 3549 oedilitatem
2346 3514 2488 3548 anno
2508 3495 2655 3547 Urbis

1662 3592 1726 3644 7²
1741 3593 1789 3627 1.
1822 3576 2019 3626 Auctor
2043 3573 2174 3637 Dio,
2200 3574 2294 3627 lib.
2322 3574 2527 3639 XLIX,
2548 3588 2652 3645 pag.

1664 3660 1693 3715 4
1709 3672 1795 3723 ¹9·
1822 3654 2001 3704 Ham).

1740 3734 1829 3785 86.
1860 3732 2033 3783 lacus.
2062 3730 2161 3781 Des
2182 3730 2466 3780 abraae-oth.
2500 3730 2564 3783 Η.

1740 3814 1833 3880 87.
1868 3808 2115 3861 Salientes.
2137 3806 2492 3877 Scaturigines
2509 3826 2655 3879 aqua·

1656 3908 1775 3941 rum
1804 3908 1922 3960 quai
1950 3888 2145 3941 tubulis
2170 3886 2503 3951 emittuntur,
2530 3900 2577 3939 et
2595 3886 2653 3937 fi-

1656 3968 1817 4020 stulis.
1846 3969 1945 4019 Des
1960 3969 2219 4033 fontaines.
2248 3964 2429 4019 Haut).
