2975 4684
354 731 421 785 38

352 1469 419 1532 39

463 402 599 448 noo
987 378 1066 443 C.
1119 375 1446 443 PLINII
1495 374 1703 441 NAT.
1759 374 2012 439 HIST.

564 507 963 603 Dahippus⁹⁹
986 508 1529 601 Perixyomenon,
1557 505 1906 600 Daiphron
1923 502 2018 591 ¹⁰⁰,
2041 518 2108 573 et
2120 506 2574 594 Democritus,

458 632 525 686 et
551 619 827 685 Daemon
840 665 859 697 ,
902 611 1348 707 philosophos.

562 722 899 813 Epigonus
936 721 1155 787 omnia
1185 719 1323 786 fere
1348 717 1658 812 praedicta
1690 717 1978 783 imitatus
2009 718 2340 807 praecessit
2375 718 2444 784 in
2471 733 2575 786 tu-

457 827 783 919 bicine,et
806 827 999 893 matri
1028 824 1387 893 interfectae
1417 822 1662 891 infante
1689 821 2138 890 miserabiliter
2172 821 2572 893 blandiente.

460 928 860 1014 Eubolidis¹,
901 930 1121 1024 digitis
1162 944 1572 1023 computans.

560 1034 829 1104 Micon²
874 1035 1134 1103 athletis
1176 1049 1556 1129 spectatur:
1598 1036 2038 1126 Menogenes,
2081 1033 2434 1128 quadrigis.

560 1143 699 1209 Nec
736 1141 951 1209 minus
987 1126 1377 1209 Niceratus³
1418 1142 1680 1223 omnia,
1733 1163 1875 1232 quae
1911 1140 2158 1223 caeteri,
2194 1164 2572 1233 aggressuS,

455 1248 947 1340 repraesentavit
988 1245 1391 1315 Alcibiadem
1415 1300 1434 1333 ,
1488 1244 1919 1339 lampadeque
1971 1268 2244 1313 accensa
2293 1260 2572 1313 matrem

454 1350 595 1442 ejus
631 1339 1069 1420 Demaraten⁴
1113 1352 1614 1421 sacrificantem.

560 1459 889 1527 Tisicratis
932 1457 1099 1552 bigae
1154 1460 1377 1527 Piston
1432 1455 1771 1526 mulierem
1825 1441 2228 1550 imposuit⁵:
2269 1454 2572 1548 idemque

536 1654 625 1705 99.
658 1638 925 1709 Dalu'ppus.
951 1638 1131 1690 Finxit
1153 1638 1196 1691 is
1218 1651 1271 1690 et
1293 1639 1467 1690 Callo-

457 1734 578 1768 nem
596 1753 612 1779 ‚
640 1728 692 1766 et
722 1716 1047 1768 Nicandrum
1072 1716 1313 1768 athletas.
1340 1718 1471 1767 Pau-

424 1800 429 1803 '
453 1812 565 1845 san.
592 1793 687 1845 lib.
703 1794 801 1845 vl.
830 1794 1033 1845 Dsuic.
1066 1824 1145 1834 —
1184 1794 1464 1861 Dahippus,

453 1870 677 1942 Lysippi
708 1870 877 1931 filius,
911 1884 970 1923 ut
994 1888 1114 1939 sup.
1144 1870 1345 1922 dictum
1369 1882 1465 1922 est.

452 1948 994 2019 H.—Pe1·iaeyomenon.
1009 1949 1071 1999 In
1082 1948 1231 2000 MSS.
1246 1950 1283 1998 R
1292 1966 1403 2017 egg.
1416 1969 1468 2011 α,

458 2028 513 2091 3,
536 2026 993 2097 5,ρει·ία]ὀηισκοη,·
1014 2027 1068 2077 in
1093 2025 1175 2079 ed.
1210 2026 1469 2096 principe,

446 2105 840 2176 parluyomenon.
869 2105 1007 2157 Male
1048 2102 1381 2157 emendatum
1411 2105 1465 2155 in

452 2185 853 2249 recentioribus,
869 2187 1247 2255 periq‘omenoa.
1273 2184 1467 2236 Emen-

453 2261 689 2317 dnndum
723 2278 861 2318 certe
900 2264 1026 2322 fuit,
1064 2263 1468 2333 pamqomsnon,

453 2345 817 2414 παραλυόμενον
836 2382 851 2405 ,
886 2362 949 2393 un
983 2343 1160 2394 homme
1200 2344 1280 2413 qui
1317 2342 1469 2393 eombe

453 2442 513 2473 en
550 2424 849 2489 desaa'llunce.
896 2419 1028 2473 Inde
1068 2422 1369 2489 παράλυσις,
1416 2422 1467 2471 lu

406 2520 411 2527 ·
446 2502 709 2571 par-abste.
762 2501 947 2553 Talem
998 2513 1051 2553 et
1106 2502 1241 2554 forte
1292 2503 1464 2571 ipsum

454 2579 685 2649 Dahippi
740 2580 1151 2654 paralyomenon
1176 2620 1191 2644 ‚
1238 2580 1291 2632 in
1349 2598 1467 2632 cor·

452 2658 606 2710 neola
630 2659 881 2721 incisum,
923 2658 1029 2713 vid.
1068 2659 1207 2730 apud
1244 2660 1325 2713 Cl.
1363 2660 1467 2711 Bo·

453 2755 613 2789 mont
638 2775 653 2800 ,
710 2738 1011 2791 Colleceanea
1064 2740 1234 2811 Amiq.
1285 2758 1466 2791 roman.

454 2814 561 2868 tab.
592 2834 680 2885 7¹·
703 2818 875 2881 Quam
902 2837 1161 2889 gemmam
1192 2836 1350 2870 nemo
1375 2816 1468 2870 ad-

452 2894 559 2947 huc
586 2896 807 2948 feliciter
832 2898 1141 2966 explicavit,
1172 2916 1269 2949 nee
1296 2897 1468 2966 expli-

452 2992 571 3026 care
621 2976 818 3043 potuit,
864 2989 1116 3047 corrupto
1160 2977 1264 3029 hoc
1307 2976 1467 3029 Plinii

452 3052 595 3105 loco.
630 3055 796 3108 Bno‘r.

540 3150 657 3184 100.
676 3134 945 3204 Daiphmn.
962 3136 1198 3205 Δαΐφρων,
1229 3136 1467 3206 Δημόκρι-

453 3230 534 3270 τος
547 3249 562 3274 ,
584 3215 732 3279 cujus
753 3233 915 3285 opera
932 3213 1215 3267 laudantur
1232 3234 1261 3267 a
1280 3216 1467 3267 Pausa·

451 3290 567 3351 nia,
592 3290 753 3344 Eliac.
778 3306 913 3359 post.
934 3294 1041 3355 v1,
1062 3313 1181 3365 pag.
1213 3294 1348 3361 347,
1374 3294 1465 3347 ubi

452 3370 705 3423 Pausonis
725 3369 1010 3443 discipulus
1037 3374 1193 3425 fuisse
1221 3371 1466 3439 traditur,

453 3448 681 3515 Pauson,
698 3451 1037 3520 Amphionis,
1059 3452 1329 3520 Amphion
1344 3452 1467 3504 Pto·

452 3528 606 3593 liehi,
622 3530 889 3583 Ptolichus
908 3532 1019 3600 ipse
1043 3530 1248 3593 Critiae,
1271 3528 1339 3582 de
1358 3550 1467 3601 quo

450 3628 549 3661 nos
572 3628 749 3679 supra.
786 3610 853 3663 H.

538 3708 587 3743 ι.
644 3689 916 3741 Eubolidis.
968 3687 1209 3740 Effictam
1272 3688 1338 3739 ab
1404 3707 1467 3741 eo

451 3778 669 3820 statuam
700 3770 798 3831 ait,
820 3769 919 3821 viri
946 3767 1123 3837 digitis
1153 3779 1464 3836 computan-

450 3844 546 3909 tis,
567 3850 1003 3917 spectatissimum
1032 3844 1463 3899 laudatissimam·

450 3940 553 3991 que
599 3926 773 3980 fuisse.
822 3926 1151 3981 Crediderim
1200 3924 1461 3979 Eubulida

450 4000 628 4067 potius
663 4006 823 4058 scribi
860 4021 1133 4078 oportere,
1172 4023 1331 4077 quem
1368 4018 1464 4061 sta-

1561 1636 1794 1690 tuarium
1815 1636 2068 1705 insignem
2088 1636 2246 1689 fuisse
2259 1673 2277 1699 ‚
2303 1634 2571 1688 celebratis

1561 1718 1672 1783 ejus
1719 1714 1996 1782 operibus,
2044 1716 2320 1768 Pausanias
2361 1714 2434 1767 sit
2477 1715 2576 1766 Ar-

1560 1790 1674 1843 cad.
1698 1792 1868 1852 vm,
1902 1810 1959 1861 p.
1994 1800 2128 1861 479.
2157 1795 2334 1846 Hono.

1645 1888 1696 1919 2.
1744 1868 1926 1921 Micon.
1961 1871 2314 1939 Syracusanus
2357 1872 2431 1934 is,
2476 1870 2573 1921 Ni-

1559 1945 1784 1998 cocratis
1829 1947 2000 2011 filius,
2047 1947 2292 1999 Hieronis
2345 1960 2570 1999 statuam

1561 2036 1856 2095 equestrem
1882 2042 1941 2077 ac
1961 2026 2258 2094 pedestrem
2277 2016 2417 2077 fecit.
2441 2026 2573 2077 Pau·

1559 2104 1759 2167 sanias,
1797 2104 1891 2156 lib.
1916 2104 2012 2156 vl.
2052 2106 2255 2155 Danae.
2287 2133 2367 2146 —
2407 2104 2572 2155 Micon

1561 2182 1750 2233 athletis
1784 2194 2036 2253 spectatur.
2066 2182 2154 2235 Sic
2181 2184 2308 2251 neg.
2340 2202 2401 2241 ας
2429 2200 2538 2234 non
2553 2220 2571 2247 ,

1560 2273 1826 2332 spectatus,
1847 2274 1905 2313 ut
1924 2261 2071 2314 editi.
2095 2262 2180 2315 Sic
2202 2262 2338 2313 insta
2359 2283 2371 2312 :
2397 2260 2569 2313 Eudo·-

1559 2362 1640 2392 rus
1664 2360 1808 2393 scena
1823 2353 2079 2410 spectatur,
2101 2342 2330 2404 XXXV,
2355 2348 2439 2403 40.
2469 2342 2570 2393 Mt-

1559 2441 1653 2473 κων
1693 2439 1802 2472 non
1830 2420 2178 2492 Syracusanus
2205 2420 2320 2482 ille,
2355 2419 2424 2471 de
2463 2438 2571 2489 quo

1561 2500 1865 2563 Pausanias,
1888 2501 2050 2552 Eliac.
2073 2500 2299 2570 post.VI
2316 2532 2332 2561 ‚
2372 2518 2427 2568 p.
2455 2498 2572 2553 365

1559 2569 1729 2649 (quod
1757 2580 1886 2631 falso
1907 2577 2130 2631 credidit
2150 2568 2569 2649 Dalecampius);

1559 2658 1650 2734 sed
1686 2660 1814 2711 alter
1841 2660 2119 2728 AEgineta,
2155 2657 2225 2710 de
2255 2676 2364 2727 quo
2397 2658 2568 2724 idem,

1559 2737 1722 2791 Eliae.
1748 2758 1831 2809 pr.
1854 2740 1926 2802 V,
1949 2757 2070 2808 pag.
2105 2737 2212 2791 338
2233 2777 2248 2802 ,
2273 2750 2372 2789 etc.
2401 2738 2468 2789 H.

1643 2819 1692 2869 3.
1726 2818 1998 2870 Niceratus.
2029 2818 2108 2869 De
2139 2836 2247 2887 quo
2287 2834 2444 2885 supra
2487 2814 2569 2869 di-

1558 2908 1702 2949 ctum
1728 2897 1846 2950 fnit.
1878 2899 2053 2950 liano.

1641 2983 1692 3038 4.
1743 2978 2048 3029 Demaraten.
2091 2975 2393 3045 Διινομᾶχην
2447 2974 2572 3027 Plu-

1559 3056 1772 3109 tarchus
1828 3055 2055 3126 appellat
2087 3093 2102 3119 ,
2155 3054 2209 3106 in
2261 3052 2566 3116 Alcibiade,

1559 3154 1612 3204 p.
1639 3154 1658 3187 ι
1672 3153 1739 3203 91
1759 3154 1776 3199 ς
1800 3134 2053 3187 Libanius
2075 3132 2222 3196 item,
2240 3131 2472 3185 Declam.
2491 3151 2567 3185 ιι.

1555 3212 1736 3266 Han.

1639 3292 1689 3345 5.
1737 3293 1981 3343 Tisicratis
2013 3293 2140 3361 bigae
2188 3292 2360 3343 Piston
2407 3288 2571 3341 mdic-

1557 3391 1652 3423 rem
1695 3374 1931 3440 imposuit.
1973 3372 2053 3423 Ita
2102 3369 2310 3437 codices
2354 3387 2534 3423 omnes
2551 3409 2568 3433 ,

1557 3452 1683 3519 neg.
1718 3470 1745 3501 2
1771 3489 1785 3513 ,
1810 3451 2091 3521 caeterique
2110 3489 2124 3514 ‚
2151 3468 2258 3503 non
2277 3487 2292 3514 ,
2319 3463 2377 3502 ut
2403 3448 2570 3513 editi,

1559 3530 1816 3581 Pisa-rates
1843 3530 1969 3598 higoe
1992 3530 2164 3593 Pitho,
2185 3543 2286 3581 etc.
2307 3528 2572 3581 Sententia

1559 3620 1661 3673 est,
1699 3622 1758 3661 ut
1784 3609 2068 3663 Calamidis
2093 3607 2360 3679 quadriga
2391 3606 2570 3657 Praxi-

1559 3688 1686 3739 teles
1700 3687 1927 3758 aurigam
1945 3708 2096 3741 suum
2113 3686 2380 3756 imposuit,
2392 3701 2570 3753 quem-

1554 3765 1841 3819 admodum
1891 3767 2090 3820 dictum
2133 3778 2209 3818 est
2256 3780 2412 3826 supra
2441 3780 2454 3813 :
2493 3762 2570 3815 sic

1553 3844 1820 3899 Pistonem
1844 3845 2114 3899 Tisicratis
2137 3845 2268 3913 biga
2289 3839 2573 3893 mulierem

1553 3924 1861 3995 imposuisse
1887 3945 1982 3978 sua
2012 3942 2189 3977 manu.
2209 3922 2291 3972 De
2315 3920 2574 3975 Tisicrate

1551 4003 1754 4057 dictum
1775 4022 1910 4075 saepe
1935 4003 2190 4073 superius.
2222 4000 2402 4053 Hsnn.
