2975 4684
328 489 336 498 ·
389 540 663 612 cudibus
700 541 771 609 hi
790 527 841 572 ¹⁴

1057 411 1371 482 LIBER
1418 407 1825 476 XXXVII.
2363 405 2494 476 601

886 539 1493 634 deprehenduntur,
1541 539 1630 607 ita
1686 551 2065 631 respuentes
2105 538 2308 605 ictum
2330 522 2398 620 ¹⁵,
2434 552 2509 605 ut

388 647 634 716 ferrum
680 648 1008 740 utrimque
1052 645 1389 732 dissultet‚
1434 642 1834 735 incudesque
1875 645 2072 724 etiam
2105 644 2258 738 ipsae
2308 642 2504 712 dissi-

392 751 571 820 liant.
617 754 885 847 Quippe
936 751 1171 820 duritia
1208 748 1662 823 inenarrabilis
1711 762 1844 835 est,
1895 747 2216 842 simulque
2259 751 2510 842 ignium

388 857 621 926 victrix
646 872 917 944 natura,
960 872 1026 926 et
1057 881 1418 952 numquam
1462 854 1884 924 incalescens.
1925 854 2122 922 Unde
2162 868 2228 923 et
2272 873 2514 923 nomen
2567 860 2588 872 ⁸

392 949 772 1032 indomita¹6
808 967 905 1032 vis
953 987 1165 1058 graeca
1197 964 1738 1057 inteipretatione
1771 960 2042 1054 accepit.
2072 961 2299 1028 Unum
2331 961 2516 1029 exiis

390 1085 634 1138 vocant
677 1070 1011 1139 cenchron
1035 1068 1079 1109 ¹⁷
1086 1069 1325 1163 ‚quod
1360 1083 1459 1137 est
1511 1065 1671 1136 milii
1706 1064 2172 1160 magnitudine.
2221 1065 2516 1134 Alterum

390 1175 899 1245 Macedonicum
948 1177 1015 1242 in
1053 1175 1419 1270 Philippico
1461 1198 1625 1242 auro
1676 1185 2012 1266 repertum

476 1346 560 1403 14.
590 1340 849 1392 Incudibus
873 1342 939 1391 lu'.
968 1339 1293 1393 Marbodeus
1315 1341 1406 1392 In·

389 1416 512 1471 dico
533 1419 631 1472 soli
657 1420 797 1471 hanc
813 1418 990 1471 dotem
1016 1420 1254 1489 assignat.
1275 1419 1407 1471 Soli-

391 1515 663 1567 nns‚cap.
694 1515 807 1562 mr,
839 1515 957 1568 pag.
993 1499 1093 1562 82,
1130 1497 1319 1550 Indico
1353 1509 1409 1550 et

391 1576 540 1628 alteri
558 1577 759 1646 generi,
780 1578 929 1646 cujus
952 1577 1151 1628 natales
1166 1577 1223 1628 in
1248 1595 1404 1633 auro:

398 1680 423 1702 ι
454 1659 565 1708 Nec
587 1655 729 1708 ferro
749 1657 1051 1720 vincuntur,
1078 1657 1255 1727 inquit
1271 1695 1287 1721 ,
1306 1674 1409 1708 nee

389 1734 513 1804 igne
533 1730 833 1787 domantur.
859 1759 883 1782 ι
912 1735 1091 1787 num.

476 1831 499 1864 1
512 1813 567 1866 ὅ.
595 1814 673 1865 Ita
700 1825 964 1883 respuentes
991 1817 1150 1867 ictum.
1180 1813 1408 1867 Fabulo·

392 1909 511 1944 sum
534 1891 590 1945 id
615 1911 725 1945 esse
751 1892 913 1945 tradit
934 1893 1151 1947 Gai-eins
1167 1933 1183 1958 ‚
1204 1910 1327 1945 nam
1357 1907 1411 1946 et

392 1970 449 2022 in
468 1973 681 2024 scobem
706 1972 954 2025 malleolo
983 1971 1171 2043 redigi,
1186 1986 1239 2024 et
1266 1972 1411 2025 facil·

388 2048 517 2102 lime
552 2051 813 2122 confringi
842 2051 1100 2122 atterique
1127 2053 1181 2103 in
1210 2063 1407 2104 morta-

389 2128 471 2181 rio
508 2129 705 2198 pistillo
738 2131 931 2183 ferreo.
957 2131 1093 2182 Du..
1116 2162 1193 2172 -—
1220 2130 1409 2199 Quippe

390 2207 590 2260 daerieia.
625 2209 747 2262 Haec
774 2209 993 2262 totidem
1027 2210 1203 2262 verbis
1237 2208 1407 2260 Isido-

390 2305 513 2350 rus,
539 2286 686 2358 Orig.
715 2289 809 2341 lib.
834 2290 991 2345 XVI,
1023 2307 1137 2357 cap.
1180 2287 1408 2342 13.Vide

395 2366 655 2436 egregiam
686 2365 754 2419 de
792 2385 852 2419 ea
881 2384 942 2419 re
962 2365 1409 2432 dissertationem,

395 2443 541 2513 apud
557 2445 799 2516 Theoph.
843 2444 1177 2499 Simooettam
1198 2482 1213 2508 ‚
1252 2445 1408 2516 phys.

394 2525 591 2589 Quaest.
631 2525 675 2576 1.
708 2525 887 2578 Nostri
912 2539 1083 2578 tamen
1114 2521 1411 2580 adamantes

394 2602 527 2658 adeo
560 2623 670 2657 non
708 2605 872 2658 ictum
902 2604 1075 2657 mallei
1115 2617 1375 2674 respuunt
1397 2643 1412 2669 ‚

394 2693 456 2734 ut
485 2685 641 2736 etiam
669 2685 725 2736 in
752 2685 963 2737 scobem
1000 2683 1247 2736 malleolo
1274 2682 1414 2735 redi·

368 2773 603 2830 gantur.
635 2761 906 2816 Facillime
931 2781 1058 2816 vero
1086 2762 1282 2833 pistillo
1307 2762 1411 2814 fer·

396 2857 491 2891 reo
526 2840 583 2891 in
618 2842 869 2894 mortario
894 2840 1153 2910 confringi
1186 2853 1239 2892 et
1260 2841 1412 2893 atteri

397 2919 573 2972 solent
588 2955 605 2980 ‚
634 2930 693 2970 ut
720 2937 909 2972 eorum
934 2919 1089 2972 scobe
1109 2916 1415 2972 adamantes

398 2999 487 3051 alii
536 2997 819 3068 poliantur.
856 2996 998 3050 Vide
1051 2996 1295 3051 Garoiam
1348 2999 1413 3051 ab

396 3079 603 3142 Hor-to,
628 3077 683 3128 in
721 3078 901 3129 Arom.
930 3076 1062 3130 nist.
1095 3095 1212 3148 cap.
1241 3095 1411 3132 nvn.

400 3152 581 3209 Huin.
618 3187 695 3198 --
730 3157 929 3209 Duritia
968 3157 1297 3210 inenarrabilis
1324 3171 1412 3212 est.

400 3235 587 3300 Quum
613 3233 823 3290 duritia
846 3235 1059 3289 invicte
1080 3235 1411 3290 adamantem

398 3333 507 3368 esse
558 3311 833 3369 crederent
854 3316 1072 3368 Veteres
1088 3355 1103 3378 ,
1142 3316 1265 3370 falsa
1300 3318 1413 3372 hnc

398 3395 581 3468 opinio
610 3412 733 3447 cum
756 3395 969 3466 scriptis
1003 3413 1185 3447 eorum
1212 3395 1277 3448 ad
1307 3415 1412 3450 nn-

398 3475 635 3546 periore·
652 3475 879 3538 transiit,
906 3486 961 3527 et
982 3474 1243 3540 maximo,
1278 3495 1413 3546 pro·

399 3555 578 3607 sertim
608 3554 902 3618 Lusitanis,
924 3552 1121 3606 damno
1153 3555 1283 3618 fnit,
1322 3554 1413 3627 qui

397 3633 651 3704 plurimas
680 3646 733 3686 et
756 3633 1157 3704 pretiosissimas
1194 3634 1415 3704 quidem

397 3730 627 3784 gemmas
656 3712 905 3766 malleolo
926 3726 1123 3766 temere
1144 3714 1417 3785 confrege-
1446 3721 1449 3724 ’

398 3804 551 3856 runt,
596 3791 725 3844 dum
758 3805 999 3846 naturam
1040 3793 1265 3863 experiri
1306 3793 1415 3846 vel·

396 3871 527 3924 lent.
559 3869 663 3922 En.

488 3971 506 4000 1
520 3952 576 4003 6.
600 3949 735 4001 Unde
755 3962 804 4003 et
816 3971 985 4004 nomen
1000 3951 1251 4004 indomita.
1274 3942 1415 4006 Ᾰδᾶ-

405 4049 527 4098 pac,
558 4030 656 4082 ἀπὸ
691 4035 775 4082 τοῦ
802 4051 837 4082 α
863 4033 947 4085 καὶ
974 4027 1289 4102 δαμάζωῄά
1316 4045 1411 4096 est,

2037 1157 2126 1238 ¹⁸:
2166 1185 2232 1239 et
2268 1171 2378 1240 hic
2417 1187 2519 1241 est

1503 1340 1660 1404 domo,
1685 1337 1832 1409 quod
1852 1337 1984 1390 nulli
2009 1337 2236 1390 materiae
2257 1335 2424 1390 cedat.
2454 1339 2522 1394 Η.

1593 1437 1676 1488 17.
1707 1418 1862 1470 Unum
1889 1438 1948 1468 ex
1978 1420 2036 1470 iis
2063 1428 2241 1469 vocant
2275 1417 2522 1471 cenchron.

1505 1497 1678 1568 Lege:
1711 1523 1732 1544 ι
1760 1496 1944 1550 Unum
1973 1516 2035 1549 ex
2069 1497 2134 1548 iis
2175 1508 2366 1549 vocant
2399 1513 2524 1548 cen-

1507 1588 1646 1640 tron,
1669 1574 1814 1647 qnod
1841 1589 1917 1628 est
1946 1576 2078 1628 milii
2101 1573 2518 1646 magnitudine.-

1505 1655 1676 1708 Graeci
1715 1656 1905 1726 κέντρον
1932 1667 2117 1708 vocant
2140 1655 2196 1706 in
2223 1653 2369 1706 omni
2407 1673 2519 1707 ma·
2583 1663 2588 1666 '

1509 1735 1638 1788 terie
1659 1733 1914 1787 nodosam
1947 1733 2196 1788 duritiem
2211 1773 2227 1798 ,
2249 1751 2365 1804 quoe
2389 1734 2524 1787 ictus

1501 1814 1738 1885 respuit,
1779 1833 1840 1866 ac
1885 1815 2027 1867 ferro
2075 1812 2209 1866 findi
2243 1813 2524 1884 frangique

1502 1891 1825 1964 negat.Vide
1852 1893 1987 1946 Plin.
2018 1893 2109 1945 lib.
2139 1893 2304 1958 XVI,
2325 1911 2372 1944 c.
2409 1891 2481 1960 39
2503 1913 2518 1942 z

1509 1999 1530 2020 ι
1543 1973 1826 2026 Publicum
1846 1974 2089 2025 omnium.
2109 1973 2298 2025 vitium
2330 1983 2523 2024 vocant

1503 2052 1670 2122 spiras
1696 2053 1790 2104 nbi
1827 2051 2144 2104 convolvere
2183 2069 2237 2104 se
2269 2069 2416 2103 venae
2444 2061 2524 2102 nt·

1501 2149 1606 2200 que
1645 2129 1800 2184 nodi0
1831 2131 2188 2183 Inveniuntur
2224 2131 2278 2181 in
2313 2129 2528 2200 quibus-

1504 2209 1624 2263 dam
1643 2249 1658 2273 ‚
1685 2211 1821 2264 sicut
1853 2211 1909 2261 iu
1935 2227 2201 2262 marmore
2231 2221 2412 2263 centra
2431 2246 2446 2272 ‚
2467 2205 2524 2261 id

1503 2302 1582 2342 est
1603 2329 1618 2354 ‚
1653 2289 1854 2343 duritia
1892 2289 2042 2342 clavo
2069 2288 2279 2352 similis,
2307 2288 2522 2340 inimica

1503 2369 1670 2420 serris.
1703 2395 1724 2416 ιι
1764 2369 1925 2439 Atqui
1958 2369 2010 2420 in
2043 2368 2264 2438 gemmis
2304 2386 2364 2420 ea
2399 2385 2521 2419 ceu-

1503 2459 1582 2500 tra
1609 2448 1964 2517 reperiuntur.
2002 2449 2140 2501 Plin.
2175 2446 2242 2500 de
2281 2445 2526 2517 Sspphy-

1503 2524 1577 2576 ris
1623 2524 1844 2578 Medicis
1885 2547 1898 2576 :
1955 2552 1976 2574 ι
2008 2541 2263 2597 proterea
2311 2525 2526 2578 inutiles

1505 2604 1779 2673 scalpturae
1803 2605 2274 2659 intervenientibus
2311 2603 2526 2676 crystal-

1505 2682 1626 2734 linis
1658 2682 1866 2734 eentris.
1899 2708 1920 2728 ιι
1959 2684 2099 2754 Ergo
2130 2687 2219 2740 illa
2253 2697 2430 2738 centra
2467 2686 2524 2736 in

1503 2761 1722 2832 gemmis
1749 2762 1892 2813 ferro
1913 2762 2078 2832 scalpi
2101 2777 2292 2833 negant
2309 2777 2362 2815 et
2395 2763 2524 2816 scal·

1505 2853 1674 2910 pturae
1697 2840 1965 2893 resistunt.
2003 2841 2123 2892 Su..
2147 2871 2226 2882 —-
2257 2843 2522 2894 Canem-on.

1504 2921 1584 2973 Ita
1607 2920 1746 2973 clare
1771 2919 1925 2972 Colb.
1961 2919 1992 2971 3
2011 2958 2027 2984 ,
2052 2919 2247 2990 aliique
2280 2919 2432 2972 MSS.
2469 2932 2524 2973 et

1505 3000 1620 3072 typi
1643 3018 1842 3052 omnes.
1871 3000 1939 3051 Et
1960 2991 2158 3070 κίῨχρος
2183 2996 2398 3070 quidem
2427 2999 2527 3052 mi-

1507 3079 1636 3132 lium
1661 3091 1840 3142 sonat,
1867 3077 2014 3132 unde
2049 3079 2098 3130 ei
2135 3077 2400 3132 adamanti
2427 3097 2524 3130 no·

1505 3177 1646 3212 men.
1667 3156 1881 3210 Nodum
1913 3159 2101 3229 quaerit
2123 3158 2179 3210 in
2209 3159 2384 3230 scirpo
2410 3158 2525 3210 Sal-

1505 3237 1726 3302 masius,
1767 3237 1822 3288 in
1863 3237 2029 3290 Solin.
2063 3255 2184 3308 pag.
2215 3245 2393 3308 1074,
2428 3237 2521 3308 qui

1505 3329 1697 3370 centron
1728 3334 1986 3386 reponere
2013 3331 2264 3379 conatur..
2289 3318 2392 3370 hoe
2413 3330 2522 3381 est,

1505 3409 1746 3450 centrum
1765 3434 1778 3459 ,
1819 3413 1910 3448 seu
1935 3396 2139 3450 nodum
2161 3438 2175 3462 ,
2199 3397 2524 3450 nodosamve

1502 3476 1780 3541 duritiem,
1821 3493 1941 3546 quae
1974 3477 2030 3528 in
2061 3477 2282 3548 gemmis
2316 3474 2520 3544 reperi·

1503 3569 1590 3609 tur
1619 3554 1904 3608 interdum.
1946 3555 2127 3610 Ηιιιι).

1593 3653 1614 3687 1
1627 3639 1679 3690 8.
1713 3637 1774 3689 In
1803 3635 2075 3704 Philippico
2117 3653 2236 3685 acero
2275 3643 2520 3703 repertum.

1503 3715 1570 3767 In
1607 3714 1832 3768 metallis
1868 3713 2122 3773 aurariis,
2161 3730 2280 3782 quae
2320 3723 2440 3764 sunt
2469 3711 2524 3763 in

1504 3792 1830 3866 Philippensi
1889 3789 2210 3844 Macedonia
2261 3809 2403 3861 agro.
2457 3791 2522 3844 In

1505 3873 1736 3926 ferrariis
1753 3871 1889 3925 dixit
1915 3868 2240 3923 Marbodeus
2257 3911 2272 3934 ,
2301 3870 2401 3923 loc.
2431 3871 2520 3924 cit.

1507 3975 1528 3997 ι
1550 3953 1762 4006 Tertius
1809 3961 1886 4004 est
1929 3947 2140 4002 adamas
2160 3988 2176 4013 ,
2227 3968 2386 4021 quem
2437 3947 2526 4003 dat

1505 4033 1665 4086 maris
1683 4031 1850 4084 insula
1877 4031 2099 4100 Cypros.
2115 4029 2374 4096 Quartum
2397 4049 2525 4101 pro-
