2975 4684
1080 350 1387 451 LIBER
1446 383 1806 451 xxxvi.

2335 310 2510 464 '443

389 518 593 589 famae.
633 515 863 586 Voluit
906 540 1049 585 eam
1088 530 1316 609 postea
1361 539 1399 583 a
1439 515 1702 585 Gnidiis
1736 515 2017 582 mercari
2056 538 2170 581 rex
2202 510 2512 583 Nic-ome·
2557 544 2622 577 ιο

388 625 502 693 des
521 610 567 648 ⁵¹
592 674 611 710 ‚
652 638 863 693 totum
896 647 983 693 aes
1026 622 1307 690 civitatis
1334 620 1618 689 alienum
1643 674 1662 705 ‚
1703 620 1881 714 quod
1911 636 2051 689 erat
2080 620 2344 713 ingens»,
2375 620 2513 688 dis-

391 728 761 800 soluturum
822 753 891 797 se
951 728 1360 822 promittens.
1423 729 1665 796 Omnia
1708 728 1960 821 perpeti
2011 724 2330 812 maluere,
2393 750 2516 795 nec

394 837 725 905 immerito
760 860 775 903 ε
816 832 928 902 illo
965 835 1137 901 enim
1176 834 1366 927 signo
1402 832 1757 902 Praxiteles
1797 832 2164 927 nobilitavit
2201 832 2515 902 Gnidum.

394 940 693 1011 AEdicula
729 941 868 1034 ejus
896 954 1036 1010 tota
1070 942 1385 1057 aperitur,
1420 954 1500 1008 ut
1536 940 1826 1035 conspici
1865 936 2074 1033 possit
2103 937 2396 1033 undique
2427 938 2520 1007 ef-

398 1047 582 1141 figies
617 1047 801 1129 deae,
834 1046 1137 1117 favente
1121 1069 1292 1139 ipsa,
1332 1061 1406 1115 ut
1444 1046 1759 1130 creditur,
1788 1045 1983 1114 facto.
2012 1048 2150 1113 Nec
2184 1046 2403 1113 minor
2438 1069 2521 1112 ex

396 1177 810 1283 quacumque
858 1167 1049 1248 parte
1102 1150 1447 1221 admiratio
1503 1168 1626 1221 est.
1681 1156 1930 1221 Ferunt
1987 1174 2210 1219 amore
2252 1166 2522 1244 captum

398 1258 745 1352 quemdam
759 1244 833 1343 ⁵²,
855 1282 1057 1353 quum
1085 1256 1446 1326 delituisset
1484 1272 1728 1345 noctu,
1763 1255 2114 1327 simulacro
2143 1256 2525 1339 cohaesisse‚

399 1366 669 1458 ejusque
706 1364 1081 1457 cupiditatis
1114 1377 1259 1433 'esse
1294 1362 1574 1432 indicem
1605 1363 1952 1433 maculam.
1993 1364 2213 1431 Sunt
2195 1388 2262 1431 in
2303 1360 2528 1431 Gnido

402 1484 469 1538 et
506 1469 627 1537 alia
668 1470 854 1598 signa
887 1491 1258 1535 marmorea
1292 1466 1644 1537 illustrium
1686 1468 2054 1537 artificum:
2097 1468 2301 1536 Liber
2299 1480 2530 1603 pater

398 1559 807 1667 Bryaxidis⁵³

823 1587 929 1641 :et
954 1570 1119 1640 alter
1148 1556 1415 1692 Scopae,
1447 1589 1513 1642 et
1541 1576 1886 1643 Minerva:
1911 1598 2034 1642 nec
2057 1560 2296 1666 majus⁵
2299 1560 2526 1641 ⁴aliud

407 1680 685 1747 Veneris
718 1676 1087 1748 Praxiteliae
1130 1680 1500 1773 specimen,
1535 1705 1734 1774 quam
1773 1679 1954 1773 quod
1997 1681 2171 1749 inter
2207 1680 2347 1748 haec
2393 1676 2531 1747 sola

406 1800 827 1915 memogatur.
872 1784 1187 1877 Ejusdem
1232 1798 1331 1855 est
1384 1800 1451 1853 et
1489 1786 1753 1880 Cupido
1785 1785 2084 1879 objectus
2129 1810 2166 1853 a
2205 1787 2530 1853 Cicerone
2570 1818 2593 1853 ι
2613 1817 2632 1850 ι

408 1876 667 1959 Verri⁵⁵
685 1944 703 1975 ‚
734 1890 844 1959 ille
876 1904 1152 1985 propter
1178 1915 1374 1984 quem
1408 1890 1712 1986 Thespiae
1741 1891 2128 1961 visebantur
2143 1876 2216 1978 ⁵⁶,
2247 1915 2428 1959 nunc
2466 1891 2536 1957 in

488 2116 581 2169 51.
600 2114 898 2169 Nicomedes.
914 2113 1176 2186 Bithynia
1198 2132 1311 2179 rex,
1328 2114 1431 2167 Mi·-
1513 2126 1634 2185 pter
1659 2132 1820 2186 quem
1842 2114 2088 2184 Thespio
2109 2113 2356 2167 visuntur
2380 2135 2392 2165 z
2415 2132 2540 2167 nam
2595 2108 2601 2113 ’

406 2194 691 2249 thridaticis
716 2195 1067 2265 temporibus.
1090 2194 1267 2247 Hann-

1513 2194 1614 2249 alia
1638 2192 1844 2246 visendi
1875 2212 2026 2247 causa
2057 2194 2202 2247 nulla
2229 2207 2322 2246 est.
2357 2195 2544 2265 Itaque

491 2275 520 2329 5
533 2292 582 2329 2:
624 2274 811 2327 Ferant
844 2294 1004 2327 amor-e
1040 2286 1231 2342 captum
1268 2291 1429 2344 quem·
1515 2273 1604 2326 ille
1617 2274 1679 2328 L.
1697 2274 2007 2336 Mummius,
2025 2292 2189 2344 quum
2206 2274 2451 2343 Thespiis
2465 2290 2542 2331 ea,

409 2358 547 2414 dam,
575 2366 678 2407 etc.
701 2352 843 2407 Vide
866 2354 1046 2406 Valer.
1082 2354 1227 2405 Max.
1257 2352 1429 2414 vm,

421 2453 442 2488 1
462 2452 515 2500 1,
545 2445 663 2505 pag·-
688 2441 809 2496 400.
847 2432 925 2485 Ex
948 2431 1238 2523 Posidippo
1264 2431 1433 2485 histo-

413 2515 527 2567 rico
573 2514 739 2567 refert
796 2513 902 2566 hoc
958 2513 1129 2583 ipsum
1190 2511 1436 2565 Clemens

415 2593 571 2649 Alex.
604 2593 661 2647 in
693 2595 957 2663 Protrept.
980 2610 1100 2662 pag.
1132 2591 1249 2643 38:
1278 2582 1437 2660 Ᾱφρο-

414 2671 527 2730 &ten
551 2668 609 2727 δὲ
636 2674 755 2729 ἄλλη
797 2676 843 2725 ἐν
884 2678 956 2723 Kx·
961 2666 1055 2723 ίὸω
1080 2670 1205 2731 λίθος
1235 2665 1325 2734 ἧν,
1346 2668 1435 2721 καὶ

418 2756 541 2810 καλὴ
572 2749 660 2808 ἦν·
701 2753 860 2819 ἔτερος
896 2752 1081 2820 ἠράσθη
1120 2750 1305 2809 ταύτης
1350 2747 1437 2801 καὶ

420 2832 647 2899 μίγνυται
681 2836 747 2897 τῇ
774 2830 905 2897 λίθῳ·
935 2824 1249 2888 uncidin-noc
1294 2828 1443 2897 ῑςοριῖ

421 2913 467 2961 ἐν
506 2916 573 2978 τῷ
600 2906 713 2975 περὶ
741 2903 939 2959 Kvfflou.
979 2908 1162 2959 Hum-

364 3046 375 3055 ‚
502 2986 595 3041 ⁵3.
622 2986 907 3057 Bryaxidis.
932 2986 1131 3055 Βρύαξις
1162 2986 1445 3039 statuarius

421 3089 449 3123 a
484 3065 741 3121 Pausania
780 3064 1025 3119 laudatur
1053 3065 1213 3118 Attic.
1250 3064 1343 3117 lib.
1378 3065 1441 3131 Ι,

420 3165 541 3218 pag.
566 3147 642 3217 73
662 3183 679 3209 ,
704 3158 757 3197 et
774 3144 903 3197 alibi
925 3146 1131 3214 passim.
1150 3144 1347 3205 Σκοπὰς
1376 3104 1442 3199 ali

422 3224 607 3279 eodem
632 3227 689 3279 in
712 3224 872 3279 Attic.
896 3238 996 3277 etc.
1024 3225 1201 3279 Hsnn.

504 3307 597 3370 54.
644 3306 752 3359 Nee
792 3306 946 3373 majus
984 3304 1153 3371 aliud,
1188 3316 1289 3357 etc.
1330 3303 1445 3357 Nec

424 3390 593 3455 major
616 3382 1009 3439 commendatio
1030 3402 1139 3436 esse
1150 3394 1324 3455 potest
1336 3384 1447 3437 Ve-

422 3467 566 3521 neris
590 3466 733 3541 illius
758 3462 1081 3525 Praxitelia,
1106 3482 1268 3534 quam
1296 3462 1445 3535 quod

422 3547 531 3600 sola
556 3546 695 3599 inter
723 3556 799 3599 tot
821 3544 967 3615 signa
986 3582 1001 3607 ,
1026 3560 1133 3615 quoe
1158 3542 1340 3597 Cnidos
1358 3544 1445 3595 ha·

425 3628 529 3690 bet,
547 3637 891 3679 memoratur.
924 3624 1107 3676 Hum-

486 3706 597 3761 ·55.
626 3707 679 3759 A
720 3702 947 3755 Cicerone
985 3697 1143 3755 Verri.
1176 3702 1335 3755 Nunc
1364 3713 1443 3755 est

428 3786 482 3837 in
508 3797 640 3839 orat.
666 3784 779 3847 vl,
804 3783 861 3837 in
879 3783 1135 3846 Verrem,
1152 3780 1220 3835 de
1246 3780 1443 3851 Signis,

428 3886 483 3917 n.
510 3871 543 3929 4
564 3883 582 3919 =
611 3890 634 3915 ιι
658 3863 840 3927 Idem,
858 3862 1298 3934 opinor‚'artifex‚
1318 3860 1445 3915 Pra-

430 3945 603 3997 xiteles
621 3984 635 4009 ,
680 3940 1065 4015 ejusdemmodi
1118 3941 1443 4012 Cupidinem

432 4023 552 4077 fecit
578 4023 757 4088 illum,
778 4023 875 4094 qui
907 4034 987 4078 est
1008 4021 1255 4093 Thespiis
1272 4062 1287 4087 ,
1325 4040 1443 4093 pro·

1518 2372 1636 2424 qum
1655 2353 1723 2407 ad
1751 2352 1916 2406 aedem
1941 2353 2226 2405 Felicitatis
2251 2364 2378 2405 sunt
2397 2392 2412 2416 ,
2443 2372 2544 2406 cae-

1519 2446 1735 2503 tei-aque
1759 2434 1983 2502 profana
2022 2452 2088 2487 ex
2117 2432 2214 2485 illo
2243 2430 2446 2503 oppido
2479 2432 2549 2484 si·

1519 2530 1620 2582 gna
1685 2512 1921 2577 tolleret,
1983 2512 2128 2565 hunc
2188 2528 2546 2565 marmoreum

1522 2588 1846 2659 Cupidinem
1865 2630 1880 2655 ,
1900 2590 2044 2661 quod
2065 2604 2176 2643 erat
2195 2603 2548 2655 consecratus,

1523 2688 1631 2721 non
1673 2668 1864 2739 attigit.
1897 2694 1918 2717 ιι
1948 2672 2300 2739 Βεροτωῐυπι
2348 2670 2546 2722 nihilo·

1523 2748 1700 2801 minus
1726 2761 1905 2819 postea
1933 2750 2186 2814 Romam,
2214 2770 2322 2802 non
2345 2750 2550 2802 Plinius

1526 2826 1718 2892 modu,
1745 2826 1838 2880 sed
1877 2840 1929 2881 et
1961 2828 2242 2882 Pausanias
2281 2830 2335 2881 in
2379 2830 2548 2881 Boeot.

1526 2908 1636 2961 sive
1663 2907 1757 2960 lib.
1782 2906 1866 2958 lx
1883 2946 1898 2970 ,
1921 2924 2037 2977 pag.
2067 2907 2201 2973 531,
2229 2907 2431 2961 edocet.
2458 2908 2555 2961 Ait

1528 3007 1558 3043 a
1607 2986 1737 3041 Caio
1783 2987 1990 3041 Caesare
2029 2988 2204 3057 primo
2246 2988 2548 3051 sublatum,

1527 3065 1944 3137 Thespiensibus
1998 3065 2192 3120 deinde
2244 3087 2272 3119 a
2327 3067 2554 3121 Claudio

1528 3144 1834 3210 redditum,
1873 3143 2087 3198 demum
2123 3164 2152 3199 a
2189 3146 2404 3200 Nerone
2446 3148 2555 3199 Ro-

1529 3244 1670 3278 mam
1701 3222 2007 3290 advectum,
2047 3225 2158 3297 igni
2197 3239 2378 3297 postea
2422 3244 2552 3280 con-

1529 3304 1788 3376 flagrasse.
1824 3304 1953 3357 Erat
1977 3306 2023 3359 is
2055 3324 2084 3359 e
2115 3325 2381 3361 marmore
2417 3307 2556 3358 Pen-

1530 3385 1705 3440 telico.
1735 3384 1918 3438 Hsnn.

1616 3464 1708 3518 56.
1741 3464 1832 3517 lue
1850 3478 2048 3535 propter:
2077 3486 2212 3536 quem
2241 3465 2461 3533 Thespia
2481 3465 2560 3512 vi-

1531 3545 1772 3599 sebantur.
1825 3544 2106 3599 Pausanias
2161 3546 2214 3598 in
2279 3540 2557 3603 Bceoticis.,

1530 3625 1594 3678 C.
1641 3625 1896 3677 Caesarem
1935 3624 2058 3678 ideo
2089 3636 2334 3677 necatum
2372 3631 2556 3690 putat,

1529 3702 1678 3776 quod
1729 3722 1844 3759 eam
1895 3704 2180 3774 imaginem
2231 3698 2510 3752 sustulerit
2541 3722 2557 3749 e

1533 3784 1714 3837 eadem
1735 3785 1897 3837 etiam
1917 3800 2070 3836 causa
2089 3780 2430 3833 intersectum
2457 3778 2562 3831 Ne-

1529 3883 1741 3921 ronem,
1769 3862 1915 3935 quod
1937 3862 2080 3914 illam
2097 3858 2356 3929 Thespias
2378 3874 2560 3928 repor-

1530 3956 1688 3999 tatam
1723 3944 1913 3997 iterum
1941 3938 2225 3992 demolitus
2253 3938 2559 3991 sit.·Vieto-

1531 4024 1670 4087 rius,
1698 4022 1789 4075 lib.
1815 4019 2032 4083 xvm,
2058 4038 2174 4090 cap.
2205 4038 2233 4071 ο
2250 4035 2297 4072 1.
2322 4018 2458 4071 Du..
