2975 4684
894 382 1210 451 LIBER
1257 382 1618 451 xxxvl.
2180 386 2323 481 493

255 518 418 585 cavi
439 515 487 555 ¹⁷
549 538 816 600 nomOS,
871 513 1153 583 sedecim
1223 500 1660 585 nominibus¹⁸
1717 539 1943 585 earum
1963 526 2012 603 ,⁸
2044 517 2317 590 totidem

258 625 384 691 stis
404 621 720 690 domibus
743 620 1072 689 attributis
1097 646 1113 687 :
1141 635 1456 715 praeterea
1484 619 1729 716 templa
1745 624 2040 691 omnium
2056 625 2321 721 AEgypti

256 754 461 797 orum
487 728 854 809 contineat,
883 748 1208 821 superque
1233 729 1298 797 N
1301 726 1605 799 emeses¹⁹
1630 728 2005 821 quindecim
2028 730 2318 802 aediculis

253 824 1148 928 cluserit,'pyramides²⁰com
1155 832 1374 927 plures
1394 833 1963 927 quadragenarum
1984 834 2317 923 ulnarum,

253 966 368 1009 nas
406 939 704 1009 radicum
726 937 771 963 ²¹
817 962 966 1007 oras
1013 939 1403 1009 obtinentes.
1435 941 1614 1009 Fessi
1655 940 1792 1032 jam
1840 941 2058 1010 eundo
2096 928 2319 1037 perve-
2354 973 2385 1029 4

253 1060 371 1115 unt
408 1045 496 1114 ad
542 1047 796 1116 viarum
841 1044 1022 1113 illum
1067 1044 1589 1141 inexplicabilem
1650 1070 1967 1114 errorem.
2027 1050 2206 1137 Quin
2250 1066 2318 1119 et

253 1150 522 1221 {nacula
563 1153 746 1248 prius
784 1150 1042 1220 excelsa
1063 1151 1134 1237 ²²,
1178 1154 1604 1246 porticusque
1646 1151 2091 1221 ascenduntur
2120 1180 2317 1224 nona-

255 1260 358 1328 nis
374 1257 692 1351 gradibus
720 1280 990 1325 omnes:
1021 1258 1197 1325 intus
1213 1256 1537 1327 columnae
1553 1258 1635 1327 de
1654 1258 2043 1352 porphyrite
2069 1258 2314 1353 lapide,
2382 1290 2399 1299 ·

255 1388 457 1433 orum
501 1360 886 1447 simulacra,
926 1386 1156 1457 regum
1199 1377 1461 1450 statuae,
1502 1353 2001 1433 monstriferae²³
2043 1364 2312 1459 effigies.

251 1467 638 1537 uarumdam
673 1481 894 1535 autem
926 1466 1275 1537 domorum
1309 1468 1456 1538 talis
1492 1484 1593 1539 est
1614 1470 1811 1556 situs,
1842 1482 1919 1539 ut
1944 1469 2317 1565 adaperien-

251 1598 349 1641 ›us
379 1573 580 1659 fores,
599 1573 962 1640 tonitruum
987 1574 1162 1642 intus
1185 1574 1478 1643 terribile
1495 1576 1777 1644 exsistat.
1801 1575 2061 1668 Majore
2094 1592 2313 1647 autem
2352 1596 2383 1647 5

272 1692 466 1773 parte
498 1678 810 1747 transitus
840 1690 938 1747 est
972 1702 1093 1772 per
1129 1681 1432 1751 tenebras
1461 1706 1474 1749 :
1504 1680 1775 1775 aliaeque
1794 1672 1845 1715 ²⁴
1878 1707 2105 1753 rursus
2128 1699 2312 1754 extra

249 1810 440 1853 urum
473 1783 830 1877 labyrinthi
869 1783 1298 1865 aedificiorum
1330 1787 1579 1873 moles3
1620 1777 1909 1881 pteron¹⁵
1953 1787 2309 1883 appellant.

256 1962 344 2016 ¹7·
377 1946 732 2014 Quas'vocaoi.
758 1944 941 1996 Lih.v
975 1944 1198 2009 scilicet,
1281 1946 1437 2012 celsa,
1465 1958 1519 1998 et
1548 1965 1672 1999 mox
1690 1963 1721 1998 e
1742 1946 1871 2017 Reg.
1906 1946 1936 2000 5
1952 1986 1968 2011 ,
1990 1958 2044 1999 et
2075 1946 2309 2003 editione

249 2046 287 2079 ›.
333 2042 418 2093 19.
458 2024 546 2077 Sic
582 2042 752 2095 porro
793 2023 946 2077 MSS.
986 2042 1094 2076 non
1135 2036 1198 2078 ut
1276 2025 1553 2096 principe,
1576 2029 1794 2095 porticus
1817 2046 2001 2099 quoque
2018 2026 2308 2081 descendun-

249 2106 334 2165 si,
358 2124 479 2177 quas
505 2114 702 2155 vocant.
731 2103 914 2156 lium.
1276 2115 1391 2166 tur,-
1414 2105 1561 2171 item,
1595 2131 1618 2153 ι
1644 2106 1933 2176 nonagenis
1961 2104 2246 2177 gradibus3
2273 2134 2296 2156 1-

255 2186 344 2237 18.
395 2182 610 2237 Sedecim
661 2182 942 2235 nominibus.
982 2181 1190 2253 Viginti
1273 2202 1468 2255 nempe
1496 2192 1569 2255 τῷ
1596 2204 1753 2237 omnes
1780 2186 1991 2241 omisso.
2019 2186 2127 2238 En.

247 2276 399 2327 item,
416 2262 637 2316 Strabo:
663 2259 948 2317 duodecim
967 2300 984 2323 ,
1017 2260 1189 2315 Hero-
1354 2264 1445 2317 23.
1474 2265 1807 2333 Monserefiroe
1826 2263 2026 2335 effigies.
2050 2264 2219 2318 Gron.
2248 2279 2302 2319 et

247 2356 351 2407 tus,
374 2342 497 2395 etin
521 2341 585 2393 iis
603 2339 825 2394 aeslificia
845 2342 1034 2406 3,500.
1050 2342 1186 2395 Du..
1274 2342 1358 2398 Al.
1388 2344 1713 2415 monstrificas.
1741 2344 1843 2395 En.

256 2440 348 2490 19.
373 2422 609 2474 Nemetes.
630 2420 712 2473 De
730 2421 946 2475 Nemesi
962 2418 1191 2474 diximus
1360 2428 1445 2485 τις.
1472 2425 1717 2495 Alioeque.
1738 2423 1945 2476 Broter.
1973 2423 2090 2476 alioe
2116 2443 2296 2489 rursus,

247 2522 283 2553 τ.
319 2500 348 2555 5
379 2501 502 2554 libri
534 2502 709 2571 hujus.
739 2498 920 2553 Hnnn.
1269 2498 1444 2555 deleta
1467 2503 1678 2573 copula.
1710 2503 1814 2556 En.

253 2600 340 2635 πο.
396 2580 679 2653 Pyramides
734 2580 995 2650 complures
1011 2618 1028 2644 ,
1084 2591 1185 2632 etc.
1355 2580 1447 2633 25.
1472 2580 1653 2633 Prema
1685 2581 1948 2651 appellant.
1976 2581 2145 2653 Πτιρὰ
2161 2623 2177 2648 ,
2208 2582 2294 2635 in-

248 2704 250 2711 .
309 2662 558 2731 angulum
601 2660 785 2713 finitur
829 2658 1182 2729 labyrinthus.
1267 2658 1384 2731 quit
1416 2659 1606 2725 Strabo
1622 2698 1637 2724 ,
1690 2660 1859 2730 ἶσούψη
1905 2668 1977 2733 τῷ
2012 2669 2103 2732 νεῷ
2151 2664 2288 2731 τείχη

249 2738 466 2793 rodotus
477 2740 660 2793 scribit
672 2738 1005 2811 pyramidem
1027 2737 1183 2791 fuisse
1265 2732 1390 2803 δύο,
1431 2743 1545 2791 κατ’
1580 2738 1735 2809 ἀρχὰς
1768 2740 1853 2809 μὲν
1888 2742 2155 2809 ἀφεστῶτα
2198 2744 2289 2796 ἀπ’

247 2816 512 2887 adreginta
525 2836 786 2886 passuum.
803 2815 950 2870 Idem
971 2814 1182 2882 Strabo,
1267 2819 1480 2874 ἀλλήλων
1528 2820 1693 2889 μικρὸν
1735 2821 1881 2871 πλέον
1924 2820 1959 2876 ἢ
1996 2822 2053 2872 τὸ
2099 2820 2288 2884 πλάτος

247 2894 266 2947 l
297 2898 407 2966 ejus
431 2894 698 2967 quadrato
743 2894 1022 2966 quodlibet
1047 2896 1183 2949 latus
1264 2898 1370 2951 leri
1401 2904 1491 2958 τῆς
1532 2892 1767 2967 κρηπῖδος
1805 2904 1890 2950 τοῦ
1926 2904 2018 2950 vs&
2043 2920 2055 2933 ·
2110 2900 2287 2954 ἔπειτα.

247 2988 394 3028 atuor
413 2978 661 3046 jugerum
687 2974 848 3027 fuisse
867 2974 982 3045 pari
1005 2975 1181 3027 altitu·
1261 2978 1326 3038 εἰς
1349 2978 1406 3030 τὸ
1432 2967 1637 3047 πρόσθίν
1655 2979 1891 3049 προῖόντι
1908 2968 2023 3029 κατ’
2043 2978 2285 3033 ἱπινιυοὺ-

247 3074 300 3107 ιε
323 3068 376 3109 et
399 3055 454 3108 in
489 3073 548 3109 ea
571 3054 834 3125 sepultum
877 3053 1176 3109 Imandem.
1261 3076 1352 3118 σας
1379 3058 1616 3127 γραμμὰς
1639 3060 1781 3129 μέχρι
1803 3060 1995 3126 πηχέων
2022 3059 2286 3116 mvi-vixon-

247 3136 319 3187 ias
361 3133 660 3207 pyramides
706 3146 899 3204 proeter
952 3152 1066 3188 eam
1100 3135 1177 3187 illi
1259 3156 1328 3189 τοι
1345 3176 1360 3199 ,
1385 3137 1665 3199 ἢὲξῆκσντα
1682 3177 1698 3204 ,
1722 3158 1771 3191 κ.
1787 3158 1833 3190 τ.
1858 3146 1905 3190 λ.
1933 3164 1955 3185 ι
1980 3138 2115 3202 Atae,
2140 3142 2281 3193 muri

247 3216 441 3285 iptores
464 3234 572 3268 non
592 3212 830 3268 recitant.
855 3216 992 3268 Du..
1259 3214 1370 3268 duo
1397 3229 1548 3269 sunt:
1585 3218 1783 3287 templo
1807 3236 1957 3290 pares
1973 3218 2280 3283 altitudine,

255 3315 281 3346 2
297 3314 316 3351 1
332 3296 501 3349 ..Senos
524 3296 683 3347 radice
699 3314 854 3345 muros
871 3284 968 3361 (sic
987 3292 1175 3365 prius).
1257 3296 1432 3367 prima
1474 3310 1527 3349 et
1556 3294 1737 3350 infima
1780 3312 1927 3369 parte
1970 3299 2128 3369 paulo
2161 3298 2281 3369 plus

247 3376 378 3439 ribe,
403 3398 424 3419 ι
441 3393 587 3429 senas
617 3373 854 3427 radicum
887 3392 1034 3439 oras,
1051 3399 1073 3419 n
1109 3393 1173 3428 ex
1257 3374 1507 3429 distantes
1524 3375 1865 3439 abinvicem,
1908 3396 2065 3450 quam
2090 3379 2189 3427 lata
2211 3377 2278 3429 sit

247 3472 270 3507 t.
289 3455 604 3527 apographo.
627 3455 876 3507 Pxnr.--
899 3452 1068 3507 Senas.
1091 3455 1172 3509 Ita
1255 3454 1474 3525 crepido
1504 3457 1687 3527 templi
1708 3456 1934 3511 :deinde
1961 3453 2189 3510 curvatis
2211 3454 2273 3506 li·

249 3552 302 3587 re
321 3536 464 3589 MSS.
489 3554 688 3588 omnes.
711 3532 796 3587 Ad
823 3530 1055 3585 radicem
1077 3554 1172 3605 py-
1253 3534 1366 3588 neis
1387 3534 1733 3607 procedentes
1752 3557 1812 3590 ac
1824 3536 2186 3608 prominentes
2207 3532 2273 3587 ad

248 3614 376 3668 nidis
397 3614 614 3685 intelligi
642 3614 710 3667 ab
739 3631 802 3667 eo
828 3613 1166 3673 arbitramur,
1253 3615 1637 3687 quinquaginta
1668 3634 1833 3687 usque
1876 3614 1959 3665 vel
2003 3612 2272 3681 sexaginta

247 3695 460 3749 ntiosiora
476 3693 840 3757 fundamenta,
855 3711 952 3745 ceu
975 3692 1170 3763 gradus
1252 3696 1484 3758 cubitos,
1506 3709 1607 3749 etc.
1632 3721 1654 3743 ι
1684 3696 1818 3747 Du..
1842 3690 1920 3733 -’-
1942 3692 2135 3743 Pteron.
2158 3690 2273 3745 Pte·

247 3774 439 3838 osclum,
463 3793 558 3845 per
582 3792 716 3845 quos
747 3772 996 3825 introitus
1009 3790 1169 3844 pyra·
1250 3793 1350 3827 ron
1366 3808 1382 3834 ‚
1411 3776 1566 3845 quale
1594 3792 1754 3844 supra
1778 3770 2123 3833 describitur,
2154 3790 2271 3839 om-

247 3853 322 3905 dis
347 3868 620 3925 peteretur.
642 3852 821 3905 Hann.
1250 3854 1379 3907 nino
1417 3856 1486 3906 ab
1532 3872 1597 3907 eo
1641 3850 1908 3904 diversum
1961 3868 2071 3902 esse
2124 3852 2273 3923 cujus

250 3954 332 3987 υ.
362 3934 610 3987 Coeemcula
624 3937 762 4004 prius
787 3932 990 3985 excelsa.
1015 3934 1160 3987 Brot.
1249 3952 1392 3988 nunc
1424 3934 1619 3986 Noster
1650 3928 1916 3993 meminit,
1954 3948 2125 3999 neque
2155 3948 2270 3983 om-

256 4012 374 4083 Reg.
408 4012 521 4068 cod.
557 4034 584 4067 α
603 4052 619 4078 ,
647 4013 894 4067 coenacula
919 4013 1053 4066 clim
1077 4033 1162 4065 ex·
1248 4015 1376 4067 nino
1399 4030 1523 4065 cum
1554 4008 1907 4080 descriptione
1930 4023 1983 4064 et
2008 4023 2270 4065 structura
2379 4010 2385 4017 '
