2975 4684
1108 423 1419 491 LIBER
1466 422 1837 492 xxxlv.

2397 414 2526 489 155
2609 456 2614 459 ·

420 560 486 627 in
523 558 847 627 honorem
869 555 1041 651 ejus.
1078 556 1135 623 E
1176 540 1481 625 diverso⁶
1519 555 1772 624 Annius
1806 549 2095 638 FetialiS,
2127 512 2528 644 equestrem,

420 687 563 757 quae
604 663 801 731 finerit
843 676 1071 731 contra
1106 660 1324 729 Jovis⁷
1368 662 1645 731 Statoris
1675 660 1882 729 aedem
1927 660 1994 726 in
2032 654 2360 725 vestibulo
2405 659 2526 725 Su·

420 769 605 861 perbi
660 767 934 853 domus,
980 764 1259 836 Valeriae
1326 766 1526 835 fuisse
1573 763 1928 835 Publicolae
1985 761 2272 832 consulis
2331 760 2525 831 filiae:

417 897 693 968 eamque
736 872 940 942 solam
990 870 1337 966 refugisse,
1381 872 1799 967 Tiberimque
1849 870 2238 955 transivisse,
2279 868 2533 937 caeteris

419 979 788 1063 obsidibus,
822 1004 965 1073 quae
1006 982 1355 1049 Porsennae
1396 979 1860 1066 mittebantur,
1902 975 2310 1069 interemptis
2367 976 2530 1043 Tar·-

431 1086 633 1177 quinii
663 1084 927 1154 insidiis.

524 1192 711 1261 XIV.
752 1193 999 1260 Lucius
1038 1193 1188 1261 Piso
1230 1188 1560 1286 prodidit,
1594 1192 1694 1258 M.
1736 1186 2051 1272 AEm'ilio',
2087 1188 2163 1255 C.
2199 1183 2452 1278 Popilio
2475 1208 2531 1253 11
2572 1209 2595 1242 1

426 1295 750 1365 consulib.
800 1321 840 1364 a
882 1298 1265 1366 censoribus
1290 1299 1359 1364 P.
1390 1295 1700 1365 Cornelio
1736 1294 2074 1388 Scipione,
2111 1292 2206 1359 Μ.
2245 1287 2532 1382 Popilio,

424 1414 670 1471 statuas
726 1404 935 1471 circas
972 1402 1189 1471 forum
1236 1424 1465 1470 eorum
1507 1402 1618 1493 qui
1653 1401 2109 1492 magistratum
2155 1408 2494 1489 gesserunt
2513 1447 2533 1478 ‚

420 1505 708 1575 sublatas
744 1531 1009 1593 omnes,
1050 1520 1291 1599 praeter
1330 1528 1439 1573 eas
1480 1528 1627 1597 quae
1673 1503 1901 1597 populi
1936 1516 2052 1569 aut
2097 1514 2360 1570 senatus
2395 1523 2535 1567 sen·

425 1613 629 1679 tentia
670 1626 931 1679 statutas
962 1624 1197 1679 essent.
1237 1613 1402 1679 Eam
1438 1634 1600 1678 vero
1637 1633 1836 1703 quam
1879 1605 2055 1701 apud
2083 1604 2289 1675 aedem
2318 1602 2536 1673 Tellu-

424 1716 547 1783 ris²
584 1718 913 1785 statuisset
955 1717 1075 1785 sibi
1111 1718 1220 1810 Sp.
1269 1716 1564 1801 Cassius,
1607 1716 1720 1809 qui
1768 1736 2044 1808 regnum
2077 1712 2536 1796 affectaverat,

424 1822 621 1889 etiam
653 1822 1004 1891 conflatam
1042 1846 1079 1889 a
1124 1822 1529 1891 censoribus.
1570 1821 1898 1890 Nimirum
1941 1820 2010 1887 in
2049 1842 2128 1886 ea
2163 1840 2426 1911 quoque
2465 1838 2539 1883 re

420 1927 767 1997 ambitioni
799 1927 1240 2022 providebant
1270 1926 1358 1998 illi
1382 1928 1525 1995 viri.
1552 1929 1832 1995 Exstant
1861 1925 2134 1993 Catonis
2165 1923 2234 1992 in
2262 1944 2538 1991 censura

402 2030 920 2103 ‘vociferationes
940 2085 959 2118 ,
1016 2032 1393 2103 mulieribus
1436 2032 1728 2101 romanis
1765 2033 1831 2100 in
1879 2030 2238 2125 provinciis
2280 2042 2528 2097 statuas

420 2141 598 2233 poni.
642 2142 785 2209 Nec
826 2153 1049 2209 tamen
1077 2142 1295 2259 potuit
1321 2138 1656 2222 inhibere,
1682 2162 1816 2232 quo
1846 2137 2065 2205 minus
2098 2137 2328 2203 Romae
2367 2156 2530 2227 quo·

419 2269 547 2337 que
574 2260 1001 2339 ponerentur,
1040 2246 1235 2375 εἰοιι3ῑὶ
1272 2242 1596 2314 Corneliae
1627 2242 2091 2313 Gracchorum
2121 2240 2354 2324 matri,
2389 2262 2536 2332 quae

422 2348 545 2419 fuit
578 2350 871 2420 Africani
915 2335 1187 2446 prioris³
1226 2349 1377 2419 filia.
1434 2350 1680 2422 Sedens
1720 2350 1879 2418 huic
1919 2349 2168 2443 posita,
2217 2343 2540 2437 soleisque

422 2542 490 2596 de
540 2543 844 2597 Porsenna:
899 2568 920 2589 ι
940 2545 1229 2599 Laudatam
1275 2546 1437 2616 virgi-

420 2640 544 2676 nem
585 2616 899 2694 (Cloeliam)
925 2638 1073 2696 parte
1098 2624 1349 2679 obsidum
1380 2644 1437 2679 se

422 2699 618 2755 donare
654 2701 790 2755 dixit
821 2725 833 2755 ε
877 2704 991 2773 ipsa
1016 2723 1151 2776 quos
1178 2704 1337 2758 vellet
1362 2705 1438 2757 le-

324 2794 334 2799 ·
424 2792 605 2850 geret:
638 2780 912 2849 productis
946 2782 1192 2837 omnibus
1220 2784 1435 2856 elegisse

424 2857 725 2929 impuberes
742 2860 958 2925 dicitur,
983 2874 1117 2914 etc.»
1146 2862 1327 2916 Hann-

507 2938 558 2988 6.
621 2938 667 2989 Ε
717 2938 922 2991 diverso.
975 2939 1061 2991 Sic
1126 2936 1437 2996 dissidentes

424 3016 747 3086 scriptorum
801 3010 1097 3071 sententias*
1142 3020 1325 3073 recitat
1384 3032 1439 3074 et

425 3094 695 3150 Plutarch.
726 3095 779 3147 in
820 3096 1126 3167 Poplicola,
1158 3116 1279 3171 pag.
1308 3116 1437 3170 197,

424 3174 541 3227 aliis
564 3174 702 3228 banc
725 3174 921 3229 Cloeliae
940 3188 1163 3230 statuam
1182 3177 1439 3244 ,valeria

425 3252 541 3307 aliis
574 3252 1019 3327 adjudicantibus.
1058 3256 1223 3324 Quod
1246 3258 1439 3311 iterum

421 3334 617 3404 repetit
667 3334 735 3387 de
761 3335 901 3389 Virt.
953 3340 1083 3389 mul.
1121 3356 1238 3409 pag.
1290 3338 1437 3391 250·

422 3404 651 3468 Ᾰνίκιιτο
671 3420 784 3485 γοῦν
804 3417 1009 3485 ἔφιππος
1035 3417 1172 3469 εἰκὼν
1196 3422 1441 3488 γυναικὸς,

422 3492 505 3545 ἰπὶ
534 3498 619 3554 τῆς
647 3489 761 3545 ὀδοῦ
796 3501 885 3554 τῆς
916 3496 1043 3565 ῑιρᾶς
1070 3500 1363 3567 λεγομένης,
1381 3498 1439 3555 ἣν

423 3572 467 3623 01
495 3572 581 3643 μὶν
615 3576 701 3633 τῆς
732 3573 900 3626 Ionos
884 3593 993 3635 ιας,
1024 3576 1065 3626 οἱ
1097 3571 1159 3627 δὲ
1188 3580 1277 3637 τῆς
1304 3578 1441 3629 0⁸3oe-

419 3652 579 3721 λιρίας
609 3652 827 3722 Mysum-e
852 3646 993 3705 εἶναι.
1022 3652 1204 3707 ΗΑιιι).

503 3750 555 3802 7.
579 3730 733 3784 Jove).
764 3732 998 3801 Regione
1024 3731 1189 3786 Urbis
1210 3730 1436 3787 decima.

425 3808 539 3862 Alia
581 3822 658 3862 est
698 3810 764 3862 ab
812 3809 910 3862 ista
962 3828 1079 3881 quo
1124 3810 1179 3864 in
1222 3812 1441 3884 regione

426 3904 516 3939 xxv
549 3901 691 3943 trans
727 3889 965 3942 Tiberim
1011 3889 1289 3944 Valeriana
1332 3904 1438 3946 sta-

429 3976 515 4017 tua
539 3966 605 4019 ab
632 3984 696 4020 eo
721 3968 973 4022 collocata
1000 3968 1205 4039 legitur.
1236 3970 1307 4024 H.

508 4044 657 4095 XIV.
690 4066 735 4099 ι.
772 4048 847 4099 Μ.
874 4048 1099 4103 AEnu'lio.
1126 4051 1264 4103 Anu.
1293 4050 1431 4102 Urb.

1528 2548 1640 2614 ⁵96
1675 2546 1752 2603 Μ.
1786 2545 2032 2600 AEmilius
2061 2544 2322 2615 Lepidus,
2355 2545 2418 2597 C.
2445 2544 2545 2596 Po.

1523 2626 1688 2696 pilius
1717 2626 1899 2679 Laenas
1931 2623 2250 2683 secundum,
2303 2624 2543 2676 consula-

1525 2718 1638 2757 tum
1681 2723 1918 2776 gessere:
1955 2720 2232 2758 censuram
2275 2702 2335 2755 P.
2376 2703 2542 2767 Corn.

1523 2784 1704 2855 Scipio
1750 2784 1960 2847 Nasica,
2003 2784 2077 2835 M.
2125 2781 2298 2855 Popil.
2327 2783 2546 2848 Lamus,

1522 2862 1640 2918 Caii
1702 2864 1896 2927 frater,
1966 2863 2303 2935 lustrumque
2371 2862 2546 2915 fecere

1523 2942 1650 2995 LIV
1663 2960 1733 2995 ex
1751 2942 1936 2995 Fastis.
1956 2940 2031 2994 Ex
2053 2942 2152 2996 hac
2166 2941 2369 3013 Popilia
2389 2953 2545 3012 gente

1523 3021 1692 3075 multo
1723 3034 1904 3092 postea
1935 3033 2112 3077 ortum
2137 3020 2290 3075 duxit
2315 3040 2399 3074 ιι..
2419 3038 2544 3083 ror,

1524 3118 1876 3156 ntro-nun.
1916 3118 1964 3153 ι’.
1995 3120 2044 3153 r.
2071 3118 2192 3154 nu.
2229 3113 2281 3153 et
2305 3098 2544 3171 ejusdem

1525 3178 1634 3233 filia
1671 3178 1906 3247 Helena,
1941 3180 1998 3233 in
2041 3198 2263 3232 nummo
2294 3192 2541 3250 argenteo

1527 3277 1746 3329 perraro
1791 3260 2049 3332 appellata
2063 3299 2079 3325 ‚
2115 3278 2351 3313 annun.
2391 3277 2447 3311 ιι.
2491 3276 2541 3319 12.

1529 3338 1718 3389 Helena
1760 3340 2027 3409 Nepotiani
2055 3337 2198 3409 filia,
2246 3340 2544 3409 alteraque,

1530 3416 1732 3471 Fas-rs
1761 3436 1818 3471 ιι.
1846 3436 1896 3470 ιν.
1921 3418 2106 3471 Fausta
2129 3414 2546 3489 Nepotianifilc‘a‚

1529 3494 1672 3568 :pud
1695 3498 1758 3549 D.
1786 3498 2099 3571 anzrpzr.
2115 3494 2296 3550 Haut).

1611 3594 1659 3629 2.
1692 3576 1846 3648 Apud
1857 3578 2004 3629 oedem
2027 3576 2252 3629 Telluris.
2274 3575 2337 3627 In
2355 3582 2546 3643 quarta

1528 3654 1691 3709 Urbis
1717 3658 1931 3728 regione
1960 3655 2220 3726 templum
2257 3652 2488 3705 Telluris
2516 3668 2547 3705 a

1527 3732 1588 3787 P.
1629 3734 1845 3789 Victore
1899 3735 2162 3789 statuitur.
2218 3732 2300 3784 De
2348 3730 2544 3802 Spurio

1527 3814 1705 3869 Cassio
1726 3815 1929 3887 egimus
1949 3833 1996 3867 c.
2022 3832 2073 3881 9.
2103 3810 2286 3863 Ham).

1606 3894 1636 3946 3
1645 3933 1658 3946 .
1667 3896 1895 3960 Africani
1902 3896 2097 3964 prioris.
2118 3889 2382 3961 Scipionis
2403 3889 2544 3942 Afri-

1525 3973 1642 4025 cani
1666 3974 1882 4042 majoris
1903 3972 2061 4042 vulgo
2090 3968 2244 4023 dicti.
2261 3968 2402 4023 Vide
2425 3970 2548 4023 Plu·

1525 4052 1691 4104 tarch.
1741 4052 1794 4103 in
1828 4048 2082 4104 Gracchis
2121 4048 2238 4122 ipso
2279 4049 2449 4105 initio.
2483 4049 2546 4103 In
