2975 4684
1094 443 1400 509 LIBER
1452 442 1818 509 XXXVI.

2384 431 2516 520 [151

404 578 639 647 fecere.
682 580 871 646 Patet
904 574 987 643 ab
1023 590 1249 644 austro
1288 589 1355 643 et
1382 576 1864 705 6septemtrione
1912 596 2277 669 sexagenos
2305 586 2527 642 ternos

404 684 639 778 pedeS‚
671 682 937 751 brevius
970 704 1011 749 a
1044 667 1431 765 frontibus⁶,
1466 694 1614 748 toto
1641 678 1962 749 circuitu⁷
1995 679 2196 773 pedes
2223 678 2530 773 quadrin-

404 805 641 883 gentos
676 788 1028 857 undecim:
1066 786 1437 856 attollitur
1416 810 1487 855 111
1523 785 1928 855 altitudinem
1971 787 2202 879 viginti
2235 786 2527 879 quinque

404 896 683 965 cubitis·
706 896 995 989 cingitur
1015 894 1341 963 columnis
1368 895 1638 988 triginta
1675 878 1823 961 sex⁸
1831 891 2155 961 .‘·’Pteron
2181 916 2526 961 vocavere.

403 1003 508 1072 Ab
556 1005 809 1073 oriente
854 1000 1109 1071 caelavit
1146 998 1458 1095 Scopas¹⁰
1464 1054 1483 1085 ,
1534 1026 1572 1068 a
1631 999 2102 1094 septemtrione
2141 1002 2451 1092 BryaxiS,
2493 1022 2532 1066 a
2576 1022 2638 1077 ¹9

404 1109 677 1179 meridie
698 1109 1121 1192 TimotheuS‚
1151 1108 1237 1175 ab
1269 1130 1510 1175 occasu
1543 1107 1955 1176 Leochares:
1983 1105 2296 1198 priusque
2331 1130 2531 1199 quam

408 1229 832 1309 peragerent,
884 1216 1111 1307 regina
1162 1215 1546 1299 Artemisia,
1601 1236 1746 1306 quae
1800 1212 2018 1279 mariti
2077 1213 2410 1280 memoriae
2467 1213 2535 1280 id

404 1346 573 1415 opus
604 1322 851 1393 exstrui
873 1322 1187 1409 jusserat,
1230 1320 1409 1387 obiit.
1462 1318 1620 1387 Non
1655 1336 1878 1387 tamen
1917 1332 2373 1397 recesserunt,
2414 1321 2538 1385 nisi

404 1425 711 1497 absoluto
750 1426 929 1519 jam,
972 1423 1039 1492 id
1084 1424 1308 1517 gloriae
1352 1426 1646 1517 ipsorum
1699 1425 1987 1517 artisque
2030 1438 2536 1491 monumentum

398 1533 811 1625 judicantes:
857 1530 1185 1623 hodieque
1217 1545 1475 1599 certant
1503 1529 1823 1598 manus¹¹.

1855 1531 2149 1599 Accessit
2177 1542 2244 1597 et
2271 1531 2540 1623 quintus

404 1638 644 1705 artifex
675 1664 687 1703 :
730 1640 1017 1730 namque
1056 1628 1253 1729 supra
1290 1650 1529 1730 pteron
1561 1637 1850 1731 pyramis
1892 1634 2234 1703 altitudine
2275 1634 2541 1703 inferio·-

309 1805 317 1813 .
408 1732 567 1812 rem‘
586 1742 909 1837 aequavit,
940 1743 1459 1835 vigintiquatuor
1488 1736 1859 1837 gradihus¹²
1893 1743 1960 1808 in
1998 1757 2190 1811 metae
2224 1764 2543 1811 cacumen

408 1927 567 1978 leum-
591 1914 652 1980 6⁰
668 1925 916 1979 Colossus
935 1922 1191 1977 Rhodius.
1223 1912 1281 1992 7⁰
1300 1924 1431 1992 Cyri

405 2005 567 2076 regia.
596 2007 776 2057 Hum.

486 2092 539 2138 6.
562 2088 615 2138 Α
642 2084 909 2150 fromc'bus.
941 2083 1024 2134 Ab
1059 2080 1267 2134 oriente
1292 2082 1430 2146 sole,

405 2179 459 2217 et
482 2166 547 2218 ab
576 2163 865 2217 occidente.
894 2162 1074 2215 Hann-

487 2265 540 2313 7.
569 2246 694 2295 Toto
710 2246 910 2295 circuitu
924 2278 939 2302 ,
964 2253 1062 2295 etc.
1084 2240 1235 2311 Opus
1256 2242 1429 2311 ipsum

404 2324 721 2376 circumibat
758 2320 1105 2392 cingebatque
1140 2322 1225 2373 vel
1260 2321 1428 2383 fossa,

410 2403 493 2454 vel
519 2404 701 2454 mur'us
728 2402 976 2461 exterior,
1005 2400 1331 2470 aliquantum
1363 2399 1428 2451 ab

409 2482 525 2553 ipso
568 2499 729 2553 opere
779 2478 989 2532 dissitus
1024 2498 1037 2531 :
1076 2496 1240 2547 quare
1292 2492 1431 2531 totus

406 2560 665 2615 Mausolei
690 2560 917 2613 ambitus
946 2558 1147 2630 pedum
1177 2558 1279 2609 fnit
1300 2576 1430 2627 qua·

402 2640 811 2711 dringentorum
841 2638 1109 2692 undecim.
1135 2638 1322 2691 nnn.

491 2722 545 2775 8.
588 2721 816 2789 Cingitur
844 2721 1071 2771 columnis
1096 2720 1301 2785 triginta
1330 2736 1430 2767 sex.

404 2798 647 2862 Quarum
674 2796 899 2850 altitudo
924 2814 1095 2866 quum
1118 2794 1343 2847 minime
1368 2795 1435 2847 sit

408 2893 680 2945 expressa,
733 2876 1035 2929 existimare
1092 2874 1217 2925 licet
1273 2874 1433 2927 fuisse

412 2967 604 3007 tantam
619 2993 635 3019 ,
657 2966 867 3024 quanto
898 2953 1115 3025 Ephesii
1140 2952 1328 3024 templi
1345 2970 1435 3005 co-

408 3034 606 3085 tumne
645 3034 792 3085 suere
818 3054 830 3083 ε
878 3033 996 3103 ipso
1042 3032 1217 3085 Plinio
1269 3045 1430 3096 teste,

405 3131 529 3183 cap.
558 3130 621 3166 21
650 3113 779 3165 libri
804 3113 989 3183 hujus,
1012 3113 1118 3165 boc
1141 3126 1218 3165 est
1235 3151 1250 3176 ‚
1282 3130 1431 3165 sexa·

400 3193 551 3265 ginta
604 3191 807 3262 pedum
864 3206 955 3247 aut
1000 3193 1229 3245 fortassis
1273 3192 1431 3244 etiam

404 3273 663 3346 plurium.
684 3272 862 3324 Hsnn.

491 3372 545 3423 9.
599 3354 780 3421 Pteron
824 3370 1069 3405 vocavere.
1122 3352 1229 3404 Has
1278 3370 1433 3403 voces

402 3434 520 3505 typi
578 3434 833 3487 hactenns
892 3432 1093 3503 vulgati
1142 3430 1433 3502 praetermi-

404 3532 555 3566 sere:
591 3532 721 3584 quas
746 3524 801 3564 et
834 3512 891 3565 in
916 3512 1135 3565 vetustis
1167 3510 1434 3563 codicibus

405 3592 693 3645 Turnebus
718 3604 839 3645 ante
860 3611 957 3643 nos
978 3590 1131 3644 vidit.
1159 3594 1348 3661 Πτεραὶ
1375 3589 1430 3642 in

408 3688 469 3725 re
507 3670 843 3725 aedificatoria
887 3672 1029 3723 muri
1070 3670 1179 3723 duo
1216 3684 1337 3723 sunt
1377 3671 1433 3723 in

409 3750 745 3805 altitudinem
784 3764 1189 3822 consurgentes,
1234 3750 1433 3802 alarum

411 3828 593 3885 instar.
614 3830 757 3885 vide
783 3832 1097 3885 Strabonem
1114 3831 1207 3882 lib.
1244 3830 1437 3893 XVII,

418 3928 536 3981 pug-
569 3913 905 3983 805.1taque
928 3912 1097 3983 pteri‚
1120 3928 1211 3963 seu
1237 3867 1437 3963 alarnni

416 3987 531 4041 vice
551 3991 809 4065 column&
826 4009 901 4043 eae
918 3992 1101 4057 fuere,
1122 3990 1439 4061 quibusim-

1523 1942 1650 1976 mox
1671 1922 1902 1985 dicetur,
1927 1924 2166 1977 inferiori
2189 1925 2342 1993 operi
2362 1926 2542 1979 altitu-

1520 2002 1646 2055 dine
1673 2020 1786 2073 ρει.
1815 2001 1998 2055 Ham).

1607 2082 1810 2134 10.Ab
1832 2086 2013 2133 oriente
2033 2082 2222 2133 caelam
2237 2082 2302 2133 Sc
2275 2102 2436 2152 c.0pas
2453 2085 2544 2135 Vi-

1521 2162 1730 2223 truvius
1755 2162 1810 2213 in
1847 2164 1994 2231 prof.
2019 2162 2112 2213 lib.
2141 2162 2356 2231 V11‚.p
2391 2183 2412 2215 ι
2429 2163 2540 2217 25:

1524 2242 1808 2313 Namque
1825 2242 2046 2312 singulis
2065 2241 2330 2293 frontibus
2354 2235 2541 2303 (Mau-

1519 2312 1684 2388 solei)
1716 2321 1910 2391 singuli
1943 2320 2168 2373 artifices
2197 2338 2540 2391 sumpserunt

1517 2401 1754 2456 certatim
1775 2412 1950 2468 partes
1971 2398 2388 2453 adornandum:
2409 2404 2541 2455 Leo·-

1520 2481 1731 2542 chamos,
1760 2478 1990 2549 Bryaxes
2007 2518 2026 2543 ‚
2052 2480 2274 2550 Scopas,
2301 2481 2536 2534 Praxite-

1520 2559 1628 2610 les:
1656 2558 1906 2612 nonnulli
1935 2560 2092 2611 etiam
2123 2572 2308 2629 putant
2351 2561 2536 2613 Timo-

1513 2638 1702 2699 ,tbemn
1730 2654 1742 2688 :
1779 2654 2007 2707 quorum
2035 2639 2162 2691 artis
2179 2639 2422 2693 eminens
2447 2660 2536 2694 ex·

1519 2716 1760 2771 cellentia
1769 2718 1943 2787 coegit
1955 2717 2022 2769 ad
2036 2730 2236 2786 septem
2255 2719 2538 2773 miraculo·

1519 2814 1643 2849 rum
1661 2798 1773 2867 ejus
1795 2796 1974 2867 operis
1985 2814 2182 2865 pei-ven
2189 2798 2266 2849 ire
2281 2800 2494 2853 famam.
2505 2825 2530 2849 ι

1520 2875 1686 2929 Libro
1709 2892 1834 2929 vero
1859 2876 1946 2939 11,
1969 2894 2090 2946 cap.
2117 2879 2148 2931 8
2169 2915 2184 2939 ,
2211 2896 2336 2929 eave
2357 2879 2537 2933 eredas

1517 2956 1586 3009 ab
1601 2970 1666 3007 eo
1678 2954 1936 3025 scriptore
1948 2955 2280 3011 Mausoleum
2290 2955 2540 3025 describi,

1519 3034 1666 3105 quod
1685 3034 1828 3089 viros
1847 3034 2082 3088 eruditos
2099 3035 2156 3086 in
2179 3034 2420 3091 fraudem
2445 3040 2538 3093 im-

1517 3114 1676 3184 pulit.
1706 3114 1889 3167 Hann.

1609 3211 1630 3244 1
1647 3212 1670 3247 1
1685 3234 1698 3247 .
1723 3193 1974 3266 Hodieque
1999 3208 2186 3247 certant
2214 3218 2400 3251 manus.
2427 3200 2538 3251 Ho—

1519 3270 1714 3344 dieque
1731 3274 1998 3328 eontentio
2021 3289 2126 3340 est,
2153 3296 2272 3347 quse
2289 3280 2444 3349 cujus
2459 3298 2540 3331 ar·-

1511 3352 1674 3407 .tificis
1720 3372 1902 3407 manus
1939 3354 1998 3406 in
2037 3374 2104 3410 eo
2130 3376 2296 3428 opere
2337 3359 2538 3429 primas

1519 3432 1772 3485 obtineat.
1797 3432 1978 3487 nnn.

1607 3529 1629 3563 ι
1645 3532 1693 3565 a.
1727 3512 2121 3585 Vt'ge'miquatuor
2147 3517 2398 3585 gradibus.
2439 3517 2540 3569 Er·
2645 3554 2652 3561 ·

1520 3604 1640 3645 rant
1669 3592 2040 3665 Dalecampius
2073 3609 2126 3647 et
2171 3596 2417 3659 Allatius,
2445 3598 2539 3667 qui

1519 3672 1620 3725 bos
1641 3690 1768 3725 xxxv
1785 3672 1980 3745 gradus
1998 3675 2066 3726 ab
2077 3674 2226 3725 basin
2246 3674 2542 3745 pyramidis

1521 3752 1680 3805 fuisse
1699 3766 1978 3806 autumant
1996 3773 2008 3805 :
2025 3752 2162 3805 nulli
2185 3753 2326 3804 enim
2348 3754 2540 3824 gradus

1523 3830 1590 3885 td
1615 3831 1910 3902 pyramidis
1927 3831 2078 3884 basin
2105 3831 2286 3885 fuere.
2273 3850 2284 3861 ·
2311 3832 2424 3904 ipsa
2443 3854 2543 3908 ΡΥ.

1524 3912 1682 3965 ramis
1694 3911 1948 3981 gradibus
1961 3928 2092 3963 xxxv
2105 3912 2380 3967 constabat
2391 3918 2545 3986 ,qui-

1525 3990 1626 4045 bus
1676 3992 1789 4062 ipsa
1841 3989 2264 4053 ascendebatur,
2320 4006 2377 4046 ut
2425 3998 2542 4049 satis

413 4068 585 4135 posita
616 4066 807 4123 deinde
852 4072 1093 4142 pyramis
1123 4072 1315 4133 altere,
1358 4069 1439 4122 uti
1529 4072 1809 4140 perspicue
1855 4088 1918 4123 cx
1959 4070 2119 4123 Plinii
2157 4074 2330 4127 verbis
2357 4074 2543 4147 liquet.

2181 4182 2304 4267 29²
