2975 4684
1038 377 1354 448 LIBER
1402 375 1793 446 xxxlll.

2350 399 2476 472 ¹²7

457 515 600 584 LV.
646 513 896 584 Mirum
928 511 996 580 in
1024 535 1192 580 auro
1225 507 1521 580 caelando
1561 507 1945 578 inclaruisse
1988 508 2355 596 neminem,
2392 533 2485 578 ar-
2528 533 2547 563 ¹

357 634 554 718 gento
589 617 854 688 multos.
899 617 1189 686 Maxime
1254 629 1480 684 tamen
1532 613 1835 684 laudatus
1884 627 1985 682 est
2043 614 2347 703 Mentor‚·
2400 615 2485 684 de

355 752 488 822 quo
530 749 731 820 supra
769 719 1439 811 diximus⁸.Quatuor
1482 719 1708 815 paria²
1752 719 1839 788 ab
1878 744 1971 788 eo-
2002 721 2277 789 omnino
2312 720 2485 790 facta

357 846 511 902 sunt
544 857 558 900 :
597 855 676 902 ac
689 831 830 924 jam
867 826 1124 898 nullum
1155 842 1412 898 exstare
1439 826 1705 908 dicitur,
1734 825 2038 921 Ephesia
2066 829 2299 896 Dianae
2327 842 2489 896 tem·

355 937 480 1035 pli,
524 952 640 1006 aut
669 934 1030 1032 Capitolini
1069 933 1404 1004 incendiis.
1443 936 1665 1004 Varro
1693 948 1761 1004 et
1783 954 2026 1002 oereum
2056 934 2315 1030 signum
2344 933 2488 1027 ejus

357 1044 666 1114 habuisse
701 1044 978 1137 scripsit.
1018 1042 1308 1110 Proximi
1349 1039 1434 1108 ab
1468 1065 1550 1108 eo
1577 1041 1645 1108 in
1688 1039 2122 1108 admiratione
2159 1044 2447 1136 Acragas
2466 1086 2487 1125 ‚

363 1135 800 1236 etBoethus³‚
829 1163 897 1218 et
933 1135 1118 1243 Μγε*ί
1161 1147 1366 1219 fuere.
1401 1148 1681 1216 Exstant
1711 1145 1911 1214 hodie
1950 1147 2245 1214 omnium
2286 1147 2491 1242 opera

359 1257 426 1325 in
467 1253 682 1350 insula
723 1252 1140 1325 Rhodiorum
1179 1280 1194 1322 :
1227 1252 1464 1322 Boethi
1499 1250 1677 1346 apud
1722 1251 2029 1320 Lindiam
2068 1253 2488 1322 Minervam:

362 1363 752 1458 Acragantis
791 1364 860 1431 in
889 1359 1142 1455 templo
1161 1357 1387 1429 Liberi
1416 1359 1621 1452 patris
1650 1358 1721 1427 in
1746 1358 1887 1452 ipsa
1914 1356 2190 1441 Rhodo,
2216 1359 2495 1428 Bacchae

364 1468 815 1561 Centaurique
851 1463 1061 1536 caelati
1107 1467 1174 1533 in
1216 1462 1480 1558 scyphis
1514 1486 1530 1528 ε
1568 1464 1765 1556 Myos
1808 1464 1877 1530 in
1932 1461 2162 1531 eadem
2210 1462 2379 1550 aede,
2430 1477 2497 1532 et

365 1573 626 1644 Silenus
643 1623 662 1658 ,
711 1587 781 1642 et
829 1569 1208 1665 Cupidines.
1251 1569 1647 1663 Acragantis
1694 1582 1763 1636 et
1814 1582 2093 1638 venatus
2124 1571 2191 1639 in
2236 1569 2499 1664 scyphis
2537 1601 2565 1636 ι

375 1782 697 1842 Romano,
728 1778 784 1830 iu
814 1775 1157 1829 celeberrima
1180 1775 1268 1828 illa
1295 1775 1394 1827 Fa-

372 1859 532 1912 bricii
595 1857 968 1930 prosopopoeia
1021 1873 1036 1909 :
1104 1855 1392 1918 Fabricius,

375 1938 542 2011 qu'em
577 1941 730 2007 pense'
769 1949 821 1988 ea
864 1935 1052 2005 grande
1103 1943 1250 1987 ame?
1294 1947 1395 1987 etc.

372 2017 466 2072 sed
519 2018 632 2070 hnc
683 2033 846 2068 nemo
907 2033 1017 2069 non
1073 2016 1238 2068 novit.
1293 2013 1397 2066 Eu.

373 2125 454 2140 -—-
503 2097 724 2148 Fabricii
783 2115 870 2147 nos
935 2093 1102 2164 pudet.
1172 2091 1401 2148 Fabricii

378 2175 700 2229 abstinentia
731 2193 827 2227 nos
861 2177 970 2246 §atu
998 2173 1181 2246 pudet.
1215 2171 1402 2226 Lusci-

377 2273 478 2308 nus
503 2255 596 2308 ille
627 2253 696 2308 de
725 2261 834 2326 quo
865 2255 1107 2324 superius
1137 2253 1400 2318 diximus,

381 2353 430 2388 c.
451 2335 540 2400 So,
565 2335 855 2404 unicuique
877 2333 1222 2404 pauperrimo
1239 2347 1402 2384 censu

381 2433 506 2484 par,
527 2415 704 2485 inquit
719 2413 840 2466 val.
874 2414 1020 2465 Max.
1043 2413 1146 2478 IV,
1193 2431 1246 2482 p.
1277 2429 1402 2480 ²09·

381 2491 734 2558 Idem,4‚n.
777 2493 849 2557 3,
880 2510 932 2563 p.
966 2489 1406 2561 217=·1nc·ii

384 2588 514 2625 vero
543 2571 808 2636 Fabricii,
838 2584 890 2624 et
921 2572 991 2635 Q.
1029 2571 1230 2623 AEmilii
1273 2569 1406 2641 Papi

383 2651 688 2722 principum
752 2650 934 2703 saeculi
1003 2651 1083 2703 sui
1159 2649 1410 2704 domibus

385 2741 658 2800 argentum
689 2731 846 2784 fuisse
875 2729 1132 2782 confitear
1152 2741 1366 2801 oportet
1389 2747 1404 2780 ε

387 2821 614 2879 uterque
654 2807 796 2860 enim
827 2808 1072 2878 patellam
1101 2807 1324 2862 deorum
1355 2819 1410 2861 et

389 2897 446 2940 et
481 2887 708 2939 salinum
739 2886 928 2939 habuit
949 2909 963 2938 ι
993 2885 1084 2939 sed
1113 2906 1179 2940 eo
1205 2887 1412 2940 lautior

393 2965 669 3020 Fabricius
686 3003 703 3030 ‚
757 2963 906 3036 quod
961 2967 1206 3036 patellam
1262 2983 1411 3019 suam

392 3059 592 3100 corneo
613 3043 862 3116 pediculo
893 3045 1136 3098 susti-neri
1161 3047 1348 3098 voluit.
1382 3071 1405 3092 ι

393 3123 744 3180 Consulatum
791 3123 950 3177 ambo
998 3143 1199 3196 gessere
1257 3124 1414 3178 simul

393 3221 518 3258 ann.
553 3203 623 3256 U.
669 3210 814 3274 472,
851 3217 906 3257 et
946 3208 1056 3268 466
1097 3222 1410 3266 censuram,

393 3295 516 3356 post
540 3283 870 3337 consulatum
886 3325 902 3349 ‚
932 3298 994 3338 ut
1019 3283 1235 3357 quidem
1273 3281 1416 3338 Fasti

396 3363 591 3417 ferunt.
619 3363 802 3416 Hsun.

475 3442 591 3496 LV.
633 3459 680 3496 t.
717 3443 956 3498 Diximus.
991 3443 1114 3498 Lib.
1132 3443 1278 3511 VH,
1323 3441 1418 3514 39.

397 3521 581 3576 Haan.

1483 1803 1507 1825 ι
1530 1775 1607 1828 Ac
1643 1777 1751 1846 jam
1790 1775 1999 1829 nullum
2037 1790 2242 1830 exstare
2284 1775 2499 1832 dicitur.

1479 1855 1720 1926 Ephesius
1772 1855 1955 1910 Dianoe
2018 1857 2281 1927 templum
2329 1859 2500 1929 jacet,

1480 1933 1802 2006 Capitolium
1832 1934 2117 2001 incendiis,
2136 1935 2331 2002 Varm,
2358 1951 2495 1990 etc.»

1479 2015 1745 2080 Quorsum
1761 2055 1776 2080 ,
1800 2032 1980 2085 quaeso
1998 2053 2015 2080 ,
2032 2027 2234 2086 spectat
2246 2013 2503 2086 Ephesini

1481 2091 1718 2146 incendii
1764 2095 1995 2160 mentio,
2045 2109 2138 2149 aut
2184 2089 2505 2167 Capitolini,

1482 2192 1650 2245 quum
1680 2172 1747 2226 de
1778 2173 1936 2245 signis
1966 2176 2257 2246 statuisque
2294 2177 2507 2247 agitur?

1484 2251 1626 2306 Illud
1656 2253 1909 2306 nimirum
1949 2268 2055 2319 est,
2106 2254 2328 2308 innuere
2372 2255 2508 2309 velle

1486 2331 1717 2385 Plinium
1749 2333 1805 2384 in
1840 2347 2063 2405 utraque
2084 2353 2143 2386 ea
2164 2333 2287 2386 sede
2307 2347 2510 2390 servata

1485 2412 1599 2464 hnc
1619 2413 1763 2484 signa
1792 2413 1919 2464 olim
1940 2450 1956 2476 ,
1991 2414 2045 2466 in
2069 2427 2290 2484 utraque
2310 2413 2511 2486 paritet·

1489 2491 1721 2562 periisse.
1746 2492 1827 2543 De
1849 2493 2031 2562 priore
2053 2505 2194 2545 certe
2212 2494 2375 2566 hujus
2392 2513 2512 2548 sen-

1492 2572 1665 2623 tentiae
1702 2583 1851 2641 parte
1899 2573 2009 2644 ipse
2061 2570 2206 2625 haud
2246 2575 2509 2637 obscure,

1491 2650 1628 2713 vll,
1662 2650 1735 2718 39
1760 2667 1774 2704 z
1811 2677 1833 2698 ι
1854 2651 2239 2705 Testimonium
2268 2653 2513 2726 perhibet

1492 2729 1727 2782 Mentori
1796 2727 2160 2801 Capitolinus,
2228 2746 2280 2785 et
2343 2735 2512 2788 Diana

1492 2809 1749 2880 Ephesia,
1792 2810 1989 2880 quibus
2029 2811 2179 2864 suere
2214 2825 2515 2866 consecrata

1492 2887 1622 2941 artis
1650 2889 1763 2960 ejus
1790 2891 2077 2942 πει-,θα
2110 2893 2403 2961 posteriore
2430 2911 2513 2946 sa-

1494 2979 1647 3020 natus
1686 2987 1788 3040 ope
1824 2980 2003 3022 nostra
2040 2969 2130 3024 hic
2174 2971 2353 3038 locus,
2391 2971 2514 3025 reli·

1496 3065 1660 3118 quum
1700 3047 1909 3100 nullum
1948 3049 2073 3102 facit
2110 3047 2391 3106 dubitandi
2434 3052 2516 3104 lo-

1500 3143 1642 3179 cum.
1668 3127 1852 3180 Hann-

1582 3205 1637 3258 3.
1666 3207 1737 3258 Et
1768 3207 1996 3261 Boethus.
2026 3209 2205 3272 Βοηθὸς
2244 3209 2521 3284 Carthagi·

1498 3284 1696 3338 niensis
1717 3287 2015 3352 statuarius,
2036 3286 2104 3342 de
2119 3307 2229 3362 quo
2243 3291 2525 3346 Pausanias

1501 3365 1557 3417 in
1578 3365 1771 3419 Eliacis
1791 3365 2079 3438 prioribus,
2099 3371 2287 3437 siveV,
2308 3390 2363 3444 p.
2389 3371 2418 3424 3
2434 3391 2523 3442 ¹9·

1504 3445 1687 3498 Haut).

1590 3529 1641 3588 4.
1664 3525 1741 3578 Ee
1760 3525 1890 3598 Mys.
1918 3527 2165 3582 Meminit
2192 3529 2354 3601 hujus
2387 3529 2522 3583 Pau·

483 3621 536 3654 s.
569 3601 965 3672 Quaestor-paria.
987 3602 1283 3678 Vesorum,
1313 3603 1424 3654 sivo
1507 3621 1618 3656 san.
1651 3605 1809 3658 Attic.
1844 3607 1898 3671 1,
1926 3625 1979 3680 p.
2009 3609 2103 3662 51.
2142 3609 2371 3662 Martial.
2397 3609 2525 3662 item

403 3681 749 3752 scyphorum.
781 3679 860 3733 Ita
891 3683 1018 3752 Reg.
1047 3699 1075 3733 a
1106 3695 1160 3734 et
1188 3679 1422 3734 Pintiani

404 3755 574 3814 codex
603 3778 618 3812 ε
673 3775 794 3832 quat
851 3759 1059 3813 divulsa
1111 3779 1422 3832 perperam,

404 3837 760 3911 disti-actaque
803 3849 858 3892 et
891 3841 1207 3912 interpolata
1223 3880 1236 3902 ,
1284 3839 1423 3893 hiul-

1508 3683 1679 3747 vm,
1724 3685 1893 3757 epigr.
1928 3705 2024 3740 m:
2066 3715 2088 3736 ι
2116 3689 2249 3754 Quis
2286 3689 2437 3742 labor
2474 3690 2527 3741 in

1510 3763 1685 3834 phiala
1702 3765 1727 3817 ἰ)
1742 3763 1883 3818 docti
1910 3767 2085 3838 Myos,
2095 3786 2232 3820 anne
2251 3766 2531 3838 Myronis?

1513 3843 1774 3897 Mentoris
1802 3843 1920 3898 haec
1957 3865 2145 3899 manus
2178 3859 2279 3912 est;
2309 3865 2373 3898 an
2392 3885 2409 3912 ‚
2430 3845 2533 3900 Po-

408 3931 524 3970 cam
545 3935 646 3972 nec
661 3921 784 3974 satis
805 3920 1162 3974 cohor-entem
1191 3919 1430 3974 efficiunt
1515 3921 1737 3995 lyclete,
1765 3921 1888 3977 tua?
1912 3949 1933 3973 ι
1970 3925 2038 3978 Et
2067 3924 2222 3989 XIV,
2248 3927 2533 4000 xcv‚cujus

411 3996 472 4048 iu
521 3995 670 4052 libris
713 3998 783 4054 ad
839 3999 984 4053 hunc
1023 3997 1166 4052 diem
1211 3999 1433 4071 vulgatis
1518 4001 1743 4068 lemma,
1804 4029 1828 4050 ‹-
1864 4001 2044 4057 Phiala
2093 4021 2250 4058 aurea
2297 4005 2473 4062 calata
2516 4029 2533 4062 ε

414 4077 722 4132 anuntiant
749 4095 766 4131 τ
821 4097 1018 4152 nempe
1057 4078 1166 4134 hoc
1211 4078 1374 4133 modo
1415 4095 1430 4132 ε

1522 4080 1777 4146 Quamvis
1790 4079 2020 4137 Callaico
2039 4083 2257 4141 rubeam
2286 4105 2541 4161 gene-msa
