2975 4684
446 364 581 451 164

972 366 1048 432 C.
1102 366 1439 437 PLINII
1489 365 1706 435 NAT.
1761 366 2021 433 HIST.

436 501 505 567 in
556 499 952 570 bibliotheca
1000 496 1229 591 templi
1272 496 1554 587 Augusti
1579 497 1652 583 ²¹,
1704 497 2179 591 quinquaginta
2234 498 2482 592 pedum
2523 524 2560 566 a

437 604 709 701 pollice,
746 603 1019 673 dubium
1042 626 1171 671 aere
1202 601 1706 687 mirabiliorem,
1734 626 1818 670 an
1849 601 2362 695 pulchritudine.
2383 606 2566 673 Fecit

437 726 505 780 et
550 714 665 805 sp.
718 707 1119 779 Carvilius²²
1169 712 1402 778 Jovem

1436 708 1622 801 ‚qui
1679 722 1780 777 est
1828 710 1897 776 in
1923 707 2322 841 ³Capitolio,
2375 711 2563 778 victis

434 806 847 887 Samnitibus
884 826 1137 882 sacrata
1206 812 1349 907 lege
1422 802 1947 907 pugnantibus²³
1951 867 1970 900 ,
2030 840 2068 883 e
2122 815 2562 910 pectoralibus

436 945 701 1005 eorum,
748 921 1089 1013 ocreisque
1124 934 1190 987 et
1226 918 1444 1057 galeis.
1477 917 1867 1013 Amplitudo
1895 934 2082 990 tanta
2115 936 2260 1009 est,
2292 937 2364 991 ut
2391 946 2559 990 con-

380 1042 409 1096 5
444 1028 757 1121 spiciatur
788 1050 825 1105 a
864 1025 1153 1095 Latiario
1187 1013 1412 1093 Jove²⁴

1420 1074 1436 1091 .
1470 1016 2040 1119 Reliquiislimae²⁵
2065 1052 2249 1095 suam
2281 1042 2562 1097 statuam

440 1132 627 1218 fecit,
665 1157 811 1226 quae
837 1146 937 1201 est
960 1145 1112 1199 ante
1148 1130 1349 1225 pedes
1376 1129 1709 1200 simulacri
1741 1131 1899 1225 ejus.
1940 1132 2204 1202 Habent
2231 1135 2298 1201 in
2327 1133 2561 1202 eodem

432 1237 760 1333 Capitolio
799 1236 1302 1307 admirationem
1336 1251 1405 1307 et
1443 1240 1660 1332 capita
1693 1237 1858 1325 duo,
1892 1262 2038 1331 quae
2068 1240 2141 1307 P.
2162 1228 2213 1266 ²⁶
2240 1237 2563 1309 Lentulus

516 1482 611 1519 αι.
648 1464 838 1535 Templi
868 1462 1105 1533 Augusti.
1136 1462 1353 1535 Templi
1386 1462 1455 1515 ab

438 1544 687 1615 Augusto
734 1541 969 1607 conditi,
1016 1542 1162 1615 quod
1221 1542 1459 1613 Apollini

440 1622 723 1677 dedicavit.
756 1623 976 1675 Sueten.
1022 1623 1078 1676 in
1116 1624 1253 1693 Aug.
1288 1641 1415 1675 χχιι
1444 1638 1459 1675 2

442 1727 466 1749 ι
487 1702 772 1772 Templum
813 1701 1075 1772 Apollinis
1113 1702 1168 1753 in
1211 1720 1273 1753 ea
1311 1714 1463 1771 parte

441 1782 692 1837 Palatina
739 1778 931 1833 domus
978 1779 1257 1845 excitavit,
1298 1798 1459 1849 quam

443 1862 667 1916 fulmine
714 1860 871 1912 ictam
924 1856 1213 1911 desiderari
1265 1877 1292 1911 a
1346 1860 1461 1909 Deo

443 1941 709 2011 aruspices
763 1938 1185 2010 pronuntiarunt.
1264 1934 1465 1989 Addita

445 2021 683 2093 porticus
739 2036 864 2071 cum
920 2016 1249 2069 Bibliotheca
1305 2015 1463 2068 latina

446 2116 751 2173 grascaque,
780 2111 881 2151 etc.
905 2121 927 2142 ι
959 2097 1139 2148 Ηιιιι.

534 2198 626 2233 aa.
659 2177 747 2251 Sp.
791 2176 1049 2230 Carvilius.
1082 2176 1174 2245 Sp.
1204 2173 1465 2226 Carvilius

448 2256 740 2321 Maximus,
764 2255 1065 2309 aedilitatem
1082 2252 1323 2307 curulem
1346 2251 1467 2305 ade·

448 2354 573 2412 ptus
599 2350 703 2401 est,
727 2349 779 2390 et
798 2354 917 2390 cum
944 2334 1004 2385 L.
1031 2332 1245 2402 Papirio
1269 2334 1465 2385 Curso-

448 2438 513 2472 re
542 2418 677 2473 duos
699 2414 998 2469 consulatus
1018 2412 1202 2482 gessit,
1224 2410 1469 2464 totidem-

452 2516 560 2570 que
624 2496 731 2565 egit
798 2493 1117 2562 triumphos.
1181 2490 1469 2545 AEdititatis

452 2575 698 2630 meminit
721 2572 919 2638 Livius,
936 2572 1008 2637 X,
1032 2590 1085 2641 p.
1122 2572 1253 2640 173,
1271 2569 1339 2623 ad
1363 2572 1471 2624 Ur-

450 2656 535 2708 bis
550 2671 753 2706 annum
779 2652 913 2715 455.
935 2650 1221 2721 Triumphi
1240 2649 1308 2703 de
1326 2651 1471 2703 Sam-

452 2734 681 2798 nitibus,
704 2730 846 2784 idem
876 2730 1230 2803 p.187,sub
1256 2730 1379 2781 libri
1416 2730 1469 2782 X

452 2813 635 2867 finem.
662 2810 841 2865 ΗΑιιιι.

541 2912 569 2945 a
580 2892 611 2945 3
619 2931 633 2944 .
650 2892 801 2943 Sacra
807 2902 855 2940 ea
868 2889 1471 2960 legepugnamibus.Quo-

454 2971 576 3025 dam
603 2982 928 3024 sacramento
953 2969 1170 3023 initiatis
1194 2969 1469 3022 militibus.

455 3052 639 3125 Livius
662 3048 731 3103 de
756 3068 823 3102 eo
856 3048 1029 3112 bello,
1056 3049 1136 3112 X,
1164 3066 1284 3120 pag.
1319 3053 1425 3111 184
1449 3070 1464 3102 ι

463 3157 486 3179 ι
517 3130 769 3201 Sequitur
793 3128 935 3181 hunc
952 3146 1151 3181 aunum
1166 3168 1181 3192 ,
1204 3140 1259 3181 et
1283 3129 1473 3182 consul

455 3208 677 3280 insignis
696 3246 713 3275 ,
751 3209 816 3260 L.
844 3205 1083 3279 Papirius
1109 3208 1329 3273 Cursor,
1368 3227 1472 3278 qua

456 3301 673 3358 paterna
694 3287 868 3358 gloria
886 3326 901 3351 ,
923 3305 1027 3357 qua
1046 3305 1134 3339 sua
1157 3308 1169 3338 ε
1196 3300 1249 3339 et
1266 3286 1473 3339 bellum

454 3370 671 3441 ingens,
713 3366 1066 3436 victoriaque,
1109 3380 1368 3438 quantum
1408 3370 1473 3419 de

457 3446 775 3503 Samnitibus
823 3463 981 3497 nemo
1032 3442 1100 3496 ad
1159 3464 1275 3497 eam
1330 3444 1472 3498 diem

458 3540 651 3596 praeter
670 3526 735 3577 L.
757 3523 1029 3595 Papirium
1048 3536 1251 3593 patrem
1280 3542 1474 3579 consu..

456 3607 541 3672 lis,
550 3617 825 3678 pepererat
840 3625 853 3655 ε
868 3617 921 3657 et
933 3621 1061 3673 opes
1073 3600 1294 3654 deorum
1309 3604 1470 3657 etiam

454 3684 806 3741 adhibuerant
860 3684 969 3736 ritu
1019 3679 1251 3751 quodam
1301 3700 1470 3735 sacra·

454 3768 620 3821 menti
646 3776 848 3817 vetusto
878 3762 1022 3815 velut
1048 3760 1264 3813 initiatis
1288 3762 1470 3815 militi·

456 3846 578 3909 bus;
618 3844 827 3898 delectu
863 3861 961 3913 per
998 3858 1157 3893 omne
1198 3838 1471 3893 Samnium

454 3925 637 3977 habito
678 3944 821 3977 nova
865 3924 975 3995 lege
1012 3940 1024 3973 :
1074 3933 1133 3973 ut
1172 3920 1265 3991 qui
1292 3922 1471 3991 junio·

454 4019 571 4055 rum
602 4022 709 4056 non
740 4002 1069 4057 convenisset
1096 3998 1161 4053 ad
1189 4002 1471 4071 imperato·

1545 1464 1687 1517 rium
1723 1460 1984 1527 edictum,
2023 1462 2222 1537 quique
2247 1466 2450 1537 injussu
2475 1466 2568 1519 ab·

1545 1544 1701 1609 isset,
1731 1556 1890 1616 caput
1921 1544 2048 1598 Iovi
2078 1558 2337 1599 sacratum
2369 1558 2562 1599 esset...

1547 1624 1581 1675 J
1587 1642 1740 1678 nrare
1765 1624 2052 1695 cogebatur
2071 1624 2190 1677 diro
2208 1624 2439 1696 quodam
2461 1644 2570 1677 car-

1549 1704 1695 1755 mine
1731 1703 1789 1755 in
1827 1705 2236 1757 exsecrationem
2269 1706 2454 1776 capitis
2491 1704 2567 1756 fa-

1549 1782 1818 1851 minaeque
1846 1795 1895 1834 et
1923 1784 2100 1853 stirpis
2120 1785 2413 1854 composito
2429 1822 2445 1847 ,
2467 1783 2568 1835 nisi

1548 1860 1711 1912 issent
1743 1860 1799 1912 iu
1829 1862 2071 1929 pralium
2091 1900 2108 1925 ,
2142 1881 2252 1931 quo
2285 1864 2567 1932 imperato-

1549 1937 1976 1992 reeduxiesent...
1995 1940 2070 1993 Ea
2092 1940 2233 2009 legio
2257 1941 2470 1994 linteata
2500 1941 2567 1992 ab

1551 2016 1912 2087 integumento
1939 2020 2172 2089 consepti
2198 2020 2300 2071 loci
2317 2058 2332 2083 ,
2355 2038 2462 2090 quo
2489 2038 2571 2071 sa-

1551 2109 1692 2149 crata
1719 2096 1963 2149 nobilitas
1992 2109 2135 2162 erat,
2165 2098 2424 2168 appellata
2450 2110 2562 2150 est:

1551 2176 1636 2228 bis
1664 2193 1809 2228 arma
1829 2176 2054 2247 insignia
2087 2175 2210 2230 data
2227 2212 2244 2239 ‚
2265 2190 2316 2230 et
2344 2178 2567 2230 cristata

1551 2256 1739 2325 galeoe,
1795 2267 1859 2307 ut
1911 2256 2049 2308 inter
2100 2266 2312 2309 ceteros
2369 2256 2570 2310 emine-

1553 2348 1670 2387 rent
1688 2372 1702 2397 ,
1727 2347 1824 2387 etc.
1852 2359 1874 2380 ι
1895 2332 2089 2386 Ήιιιιι.

1639 2419 1728 2475 ²4·
1752 2415 1805 2465 A
1827 2415 2045 2466 Latiar-io
2064 2414 2198 2467 Jove.
2221 2414 2372 2467 lovis
2397 2426 2570 2468 statua

1553 2492 1610 2545 in
1641 2493 1845 2545 Albano
1865 2506 2048 2546 monte
2069 2494 2321 2547 collocata
2337 2532 2353 2558 ,
2377 2495 2432 2546 in
2462 2514 2570 2565 quo

1555 2584 1756 2642 septem
1797 2585 1850 2625 et
1895 2591 1962 2625 x1.
1993 2574 2301 2627 Latinorum
2333 2574 2572 2627 civitates

1555 2670 1676 2704 cum
1707 2652 1958 2705 Romanis
1985 2654 2284 2706 communia
2311 2670 2454 2706 sacra
2483 2653 2574 2707 Jo-

1557 2732 1610 2782 vi
1654 2730 1930 2785 faciebant.
1974 2732 2134 2784 Unde
2177 2732 2378 2786 Latina
2426 2734 2571 2785 feriae

1557 2811 1845 2881 appellata».
1891 2811 2114 2883 Dionys.
2155 2810 2322 2865 Helio.
2367 2812 2462 2865 lib.
2498 2810 2570 2864 11.

1557 2890 1757 2943 Lucan.
1791 2892 1840 2956 1,
1884 2910 1934 2943 v.
1977 2895 2083 2961 198
2125 2908 2140 2943 τ
2182 2918 2205 2940 ι
2248 2892 2316 2944 Et
2341 2891 2574 2945 residens

1559 2971 1694 3023 celsa
1725 2970 1940 3023 Latialis
1966 2971 2180 3041 Jupiter
2209 2972 2359 3025 Alba.
2397 2998 2420 3018 ι
2460 2971 2574 3025 Cic.

1559 3068 1660 3119 pro
1681 3050 1797 3102 Mil.
1819 3070 1874 3103 n.
1900 3051 1972 3104 86
1996 3072 2008 3102 :
2036 3076 2059 3098 ι
2085 3052 2194 3105 Vos
2219 3052 2358 3103 enim
2384 3050 2572 3103 Albani

1560 3130 2008 3201 tumuli...Tuque
2029 3149 2091 3182 ex
2115 3142 2208 3183 tuo
2227 3128 2374 3184 edito
2393 3142 2574 3184 monte

1559 3208 1797 3276 Latialis,
1827 3221 2004 3261 sancte
2028 3209 2256 3279 Jupiter,
2286 3223 2386 3263 etc.
2423 3234 2446 3255 ι
2468 3210 2572 3261 Ta-

1559 3288 1732 3341 tiauus
1768 3286 2018 3341 adversus
2059 3289 2274 3341 Graecos
2315 3289 2574 3359 Λατιιὶριον

1560 3370 1654 3420 Δία
1673 3380 1850 3420 vocat:
1867 3368 2103 3421 lactant.
2121 3366 2189 3420 de
2206 3368 2328 3421 falsa
2345 3369 2508 3438 Relig.
2527 3368 2574 3431 1,

1565 3465 1593 3499 2
1609 3466 1659 3513 ι,
1685 3447 1945 3498 Latiarem.
1967 3447 2206 3500 H.--Br.
2233 3448 2440 3501 Latiari.
2467 3449 2571 3500 En.

1647 3526 1735 3579 25.
1771 3528 2002 3598 Reliqui&
2027 3528 2174 3579 lima.
2211 3528 2464 3580 Extremo
2491 3545 2576 3577 ar-

1561 3604 1627 3657 tis
1665 3624 1858 3677 opere,
1889 3618 1944 3658 et
1975 3607 2226 3660 ramentis
2252 3625 2314 3659 ex
2347 3624 2450 3658 aere
2484 3602 2580 3657 de-

1558 3685 1703 3739 rasis.
1739 3686 1922 3739 Hm».

1646 3766 1733 3817 26.
1764 3764 1827 3819 P.
1848 3766 2094 3818 Iaentulus.
2124 3766 2173 3817 Is
2197 3782 2354 3835 quem
2387 3763 2574 3815 Cicero

1561 3856 1614 3895 et
1641 3842 1802 3897 deum
1836 3858 1890 3897 et
1933 3846 2114 3898 salutis
2159 3862 2264 3895 suae
2305 3854 2576 3895 auctorem

1560 3936 1746 3989 vocat,
1775 3922 1921 3995 quod
1951 3923 2133 3977 consul
2170 3940 2296 3975 eum
2333 3922 2575 3975 revocari

1561 4002 1714 4056 enixe
1740 4002 2029 4057 contendit.
2059 4000 2238 4057 Hann.
