2975 4684
1100 673 1817 797 TABULA

1236 908 1648 990 RERUM

531 1109 692 1169 QUAE
739 1110 814 1156 IN
861 1109 1090 1157 Pmml
1144 1108 1338 1155 Nono
1393 1106 1769 1153 VOLUM¹NE
1836 1102 2358 1159 cowrmmwrun.

371 1416 481 1551 Cr
517 1440 716 1512 Plinii
745 1444 1034 1514 secundi
1063 1442 1407 1518 Naturalis
1437 1444 1611 1513 nist.
1644 1442 1761 1513 lib.
1793 1442 2117 1514 xxxm.
2146 1444 2305 1535 pag.
2467 1463 2493 1507 1

356 1568 448 1668 ⁴C.
478 1565 679 1636 Plinii
711 1568 1000 1638 Secundi
1039 1567 1382 1639 Naturalis
1419 1567 1731 1638 Historiae
1767 1565 1936 1636 liber
1961 1566 2299 1638 XXXIV.
2371 1559 2503 1634 135

365 1694 702 1761 Excursus
801 1696 856 1761 Ι.
887 1696 994 1762 De
1025 1692 1218 1761 annis
1249 1689 1605 1761 Alexandri
1637 1690 1873 1783 Magni
1891 1740 2297 1760 .........
2365 1682 2497 1756 251

363 1814 696 1883 Excursus
766 1817 856 1884 11.
896 1818 1004 1886 De
1041 1816 1194 1883 AEre
1229 1828 1298 1882 et
1337 1813 1480 1908 ejus
1524 1812 1955 1883 recrementis
1987 1860 2299 1881 .......
2364 1806 2503 1880 258

363 1930 698 2007 Excursus
742 1940 864 2008 111.
900 1941 1004 2007 De
1039 1942 1246 2007 Ferro
1301 1986 2296 2009 .....................
2363 1931 2506 2029 269

361 2064 698 2131 Excursus
741 2066 860 2133 IV.
894 2066 998 2132 De
1037 2060 1326 2132 Plumbo
1362 2076 1430 2131 et
1468 2066 1727 2131 Stanno
1744 2110 2293 2132 ............
2362 2080 2505 2153 270

361 2184 700 2251 Excursus
767 2188 853 2252 V.
899 2188 1006 2254 De
1047 2186 1369 2255 Arsenico
1447 2234 2294 2257 ..................
2362 2207 2500 2279 272

360 2371 440 2440 C.
471 2368 674 2440 Plinii
711 2371 1000 2439 Secundi
1035 2373 1374 2443 Naturalis
1408 2376 1721 2444 Historiae
1757 2374 1929 2445 liber
1968 2378 2253 2446 XXXV.
2273 2428 2289 2445 .
2357 2370 2501 2471 275

360 2496 718 2565 Exeat-sus,
767 2546 2291 2568 ................................
2356 2500 2502 2593 429

289 2736 302 2749 ·
361 2690 444 2757 C.
473 2685 675 2757 Plinii
701 2686 990 2759 Secundi
1025 2688 1364 2763 Naturalis
1392 2688 1703 2759 Historiae
1736 2690 1905 2762 liber
1930 2695 2250 2764 XXXVI.
2271 2746 2288 2763 .
2354 2692 2490 2777 431

365 2810 440 2880 C.
479 2808 678 2879 Plinii
713 2810 1002 2881 Secundi
1033 2812 1373 2885 Naturalis
1399 2814 1710 2884 Historiae
1743 2813 1913 2885 liber
1940 2820 2303 2925 XXXVII.
2358 2812 2499 2887 565

361 2932 548 3003 Essai
603 2958 719 3002 sur
777 2932 839 3003 le
889 2933 1283 3005 classement
1336 2936 1862 3035 chronologique
1914 2940 2029 3011 des
2086 2936 2305 3036 sculp-

458 3070 636 3130 teurs
685 3083 875 3153 grecs
931 3059 1024 3129 les
1073 3058 1222 3155 plus
1277 3060 1565 3131 celebres
1582 3114 2283 3137 ...............
2352 3062 2497 3163 689

1092 3466 1272 3518 runs
1323 3470 1503 3517 ΤΟΗΙ
1558 3470 1750 3517 NON!-
