2975 4684
445 391 536 486 78
979 389 1060 456 c.
1111 387 1440 457 Pmmt
1494 389 1723 458 NAT.
1774 391 2033 460 HlsT.

445 547 592 592 mus
632 535 701 591 et
750 543 1019 588 auream
1075 531 1360 589 statuam
1405 533 1493 588 et·
1514 519 1786 590 solidam
1828 507 2157 617 Gorgias⁶
2198 525 2559 595 Leontinus

445 629 722 724 Delphis
757 628 825 694 in
861 623 1108 720 templo
1155 625 1278 693 sibi
1322 626 1577 719 posuit,
1614 627 1798 696 Lxx⁷
1847 631 2107 698 circiter
2150 627 2559 724 Olympiade.
2622 668 2629 675 -

443 739 690 804 Tantus
726 745 868 801 erat
897 729 1211 800 docendae
1248 732 1554 800 oratoriae
1581 735 1738 802 artis
1773 729 2101 827 quaestus!

548 841 768 909 XXV.
801 838 1053 905 Aurum
1091 835 1389 931 plurimis
1435 836 1645 907 modis
1680 838 1883 932 pollet
1923 841 1992 908 in
2038 840 2381 928 remediis3
2414 842 2559 911 vul-

446 947 846 1038 neratisque,
896 956 963 1012 et
1003 943 1361 1012 infantibus
1403 941 1812 1038 applicatur,
1862 959 1939 1013 ut
1977 947 2195 1016 minus
2240 962 2558 1036 noceant,

443 1077 590 1147 quae
624 1047 1411 1150 inferantur,veneficia¹.
1452 1051 1573 1118 Est
1607 1051 1717 1119 et⁸
1751 1053 1877 1145 ipsi
1915 1051 2250 1147 superlato
2284 1055 2383 1122 vis
2420 1077 2557 1122 ma·

443 1157 668 1242 lefica‚
701 1154 1092 1250 gallinarum
1132 1180 1394 1250 quoque
1433 1170 1500 1224 et
1528 1172 1848 1249 pecorum
1885 1158 2131 1227 feturis.
2170 1159 2557 1228 Remedium

441 1279 542 1334 est
568 1261 834 1332 abluere
868 1260 1156 1349 illatum,
1199 1275 1265 1330 et
1301 1285 1610 1356 spargere
1644 1287 1759 1332 eos
1778 1316 1798 1351 ,
1830 1263 2070 1358 quibus
2099 1264 2346 1334 mederi
2376 1263 2556 1336 velis.

439 1353 794 1440 Tot-retur³
835 1382 1090 1464 etcum
1128 1366 1278 1436 salis
1309 1368 1573 1461 gemino
1593 1368 1889 1464 pondere
1922 1369 2165 1464 triplici
2198 1372 2466 1458 miseos,
2492 1385 2561 1440 et

519 1565 576 1614 6.
628 1559 842 1630 Gorgias
894 1557 1171 1611 Leontinus.
1217 1558 1272 1610 Is
1313 1553 1458 1627 apud

442 1641 784 1695 Athenienses
811 1639 884 1690 ob
910 1637 1223 1708 eloquentia
1249 1637 1362 1689 vim
1399 1637 1459 1689 in

443 1734 590 1775 tanto
631 1718 809 1790 pretio
845 1717 1062 1769 habitus
1099 1728 1206 1781 est,
1244 1725 1306 1768 ut
1345 1713 1460 1768 dies

445 1801 639 1872 quibus
687 1798 902 1860 orabat,
957 1791 1125 1865 ὃορτᾰς
1177 1805 1457 1860 vocarent,

445 1879 710 1934 orationes
746 1893 873 1927 vero
902 1869 1198 1944 λαμπάδας.
1222 1871 1458 1944 Rhodig.

443 1960 538 2011 lib.
567 1957 665 2019 x1,
691 1973 740 2007 c.
777 1953 870 2006 25.
901 1953 1046 2006 Male
1070 1971 1197 2005 vero
1223 1952 1460 2018 Plinius,

443 2037 538 2090 sibi
557 2036 752 2105 lmuie:
774 2050 883 2085 non
905 2033 1048 2085 enim
1077 2031 1189 2101 ipse
1209 2031 1308 2084 sibi
1327 2069 1344 2097 ,
1365 2029 1458 2085 sed

445 2117 546 2187 ipsi
567 2113 774 2167 Graecia
791 2130 1003 2165 auream
1019 2123 1241 2181 statuam
1261 2111 1456 2182 posuit.

445 2192 726 2249 Pausanias
744 2193 968 2262 positam
993 2189 1210 2262 quidem
1241 2192 1310 2245 ab
1349 2191 1462 2244 uni-

445 2293 595 2329 versa
625 2272 830 2325 Graeeia
849 2309 866 2334 ‚
898 2269 990 2324 sed
1014 2283 1218 2324 tantum
1255 2271 1462 2323 inaura·

445 2369 551 2409 tam
577 2352 776 2407 scribit.
814 2352 1095 2404 Athenaeus
1119 2349 1215 2403 lib.
1247 2351 1328 2402 xl
1345 2389 1361 2416 ,
1395 2367 1460 2402 ex

443 2435 740 2504 Hermippo
779 2443 981 2494 narrat,
1007 2429 1219 2500 Gorgia».
1243 2429 1466 2500 Delphis

1546 1569 1601 1610 et
1630 1557 1819 1612 Cicero
1852 1555 1921 1611 de
1948 1557 2096 1612 Orat.
2124 1559 2227 1614 111.
2248 1559 2559 1630 Cognomen

1544 1635 1705 1690 habet
1731 1654 1762 1689 a
1786 1638 1947 1691 natali
1972 1637 2086 1690 solo
2103 1676 2120 1704 ,
2145 1639 2419 1694 Leontinis
2434 1678 2451 1706 ,
2481 1639 2559 1692 Si·

1545 1715 1679 1770 cilia
1710 1714 1930 1788 oppido.
1961 1717 2147 1771 Ham).

1629 1814 1683 1867 7.
1704 1797 1875 1848 LXX
1896 1799 2089 1848 circiter·
2114 1797 2422 1869 Olympiade.
2446 1797 2563 1852 Cir-

1544 1875 1675 1928 citer
1710 1894 1832 1928 auu.
1858 1876 1927 1928 U.
1962 1882 2092 1940 ²4²·
2123 1875 2307 1932 Hum-

1624 1955 1800 2007 XXV.
1835 1973 1884 2008 1.
1923 1953 1991 2006 Ue
2030 1959 2184 2008 minus
2224 1968 2425 2010 noceant
2450 1976 2559 2028 quoe

1548 2035 1817 2102 infimatur
1826 2031 2071 2104 veneficia.
2085 2034 2427 2100 [tenter-antur,
2448 2053 2561 2088 non

1547 2114 1832 2182 infir-amur,
1872 2113 1929 2164 in
1962 2113 2158 2184 scripto
2190 2113 2390 2168 codice.
2424 2114 2561 2168 Sunt

1548 2193 1688 2247 enim
1708 2205 1762 2246 et
1782 2191 2012 2246 recentia
2038 2210 2238 2248 venena
2252 2233 2270 2260 ,
2296 2207 2347 2247 et
2367 2196 2563 2248 invete-

1547 2285 1688 2337 rata,
1735 2284 1798 2325 ut
1830 2272 1965 2325 infra
2006 2273 2180 2342 eapite
2212 2275 2245 2327 6
2274 2293 2288 2324 ε
2318 2299 2341 2322 ι
2372 2273 2560 2327 efficax

1548 2363 1601 2405 et
1620 2365 1803 2404 eontra
1822 2351 2051 2404 recentia
2070 2368 2291 2407 venena.
2310 2381 2335 2400 ι·
2358 2353 2519 2406 Pru-r.

1633 2451 1686 2484 π.
1716 2431 1815 2482 Est
1833 2441 1883 2482 et
1907 2433 2001 2500 ipsi
2026 2431 2267 2500 superlato
2299 2437 2380 2486 vis
2412 2433 2561 2484 male-

445 2515 686 2568 Athenas
707 2529 918 2564 reverso
944 2509 1218 2562 Platonem
1242 2509 1462 2562 obvium
1534 2509 1660 2580 fica,
1688 2521 1791 2564 etc.
1834 2508 1890 2563 Si
1926 2509 2307 2581 superferatur,
2334 2512 2378 2567 si
2404 2529 2559 2582 supra

447 2591 668 2647 dixisse:
701 2617 723 2638 ·
743 2591 881 2643 Ecce
901 2591 1196 2643 formosum
1217 2607 1463 2643 aureum-

447 2691 550 2745 que
576 2670 830 2742 Gorgiam
855 2689 868 2721 :
901 2694 924 2716 n
951 2669 1210 2740 illumque
1231 2671 1346 2739 ejus
1371 2685 1462 2720 vo·

445 2754 522 2807 cis
547 2752 732 2805 aculeo
759 2748 1079 2803 stimulatum
1110 2745 1465 2818 respondisse,

445 2829 478 2889 ἦ
498 2833 644 2886 καλόν
669 2851 728 2902 γι
756 2831 806 2882 αἱ
833 2821 1013 2886 Ᾱθῆναι
1047 2829 1131 2882 καὶ
1160 2829 1262 2880 νέον
1289 2831 1461 2880 τοῦτον

449 2905 705 2984 Ᾰρχΐλοχον
797 2909 1094 2977 ἐνηνόχασιν.
1153 2907 1428 2960 Victorius
1445 2945 1462 2972 ‚

445 2993 617 3055 lib.‚v,
657 3009 773 3060 cap.
801 3005 856 3056 9.
884 2989 1086 3040 Dauo.
1119 3018 1200 3030 —
1225 2985 1460 3056 Gorgias.

450 3071 572 3123 Non
621 3069 719 3122 sibi
753 3069 927 3137 ipsum
948 3105 964 3131 ,
1013 3063 1105 3120 sed
1147 3079 1309 3119 totam
1358 3065 1464 3137 ipsi

448 3150 708 3204 Granium
739 3147 974 3216 posuisse
999 3145 1055 3198 id
1075 3163 1245 3198 aurem
1275 3157 1461 3198 statum

449 3228 642 3290 decus,
689 3228 864 3280 cotes-i
906 3226 1162 3278 scribunt.
1191 3223 1352 3278 Forte
1374 3241 1464 3295 ge-

449 3310 595 3362 mina
621 3305 862 3359 fuinval.
882 3305 1200 3369 Mnx.vl11‚
1226 3323 1324 3374 cap
1359 3305 1460 3356 ult.

451 3387 688 3460 -Gorgiae
717 3403 844 3437 vero
879 3384 1133 3438 Leontini
1161 3381 1350 3438 studiis
1375 3384 1466 3436 lit-

451 3483 681 3522 terarum
725 3463 890 3516 aetatis
931 3483 1038 3517 suae
1073 3475 1291 3516 cunctos
1325 3480 1464 3532 pras-

449 3548 628 3602 stantis
643 3583 658 3610 ,
675 3542 809 3598 adeo
822 3555 885 3594 ut
901 3543 1104 3613 primus
1119 3542 1176 3592 in
1195 3554 1464 3595 conventu

449 3644 664 3698 poscere
680 3663 696 3690 ,
720 3641 823 3695 qua
849 3620 919 3674 de
942 3639 1002 3673 re
1029 3620 1253 3692 quisque
1279 3618 1464 3673 audire

449 3708 638 3771 vellet,
673 3721 830 3757 ausus
865 3701 960 3765 sit,
985 3700 1228 3752 universa
1255 3699 1464 3752 Graecia

450 3789 504 3840 iu
543 3785 740 3857 templo
774 3781 1016 3854 Delphici
1058 3779 1320 3851 Apollinis
1369 3793 1466 3832 sta·

451 3880 592 3919 tuam
621 3862 790 3918 solido
819 3880 886 3916 ex
905 3879 1035 3913 auro
1053 3858 1263 3929 posuit:
1296 3877 1464 3930 quum

448 3961 758 3997 ceterorum
799 3940 864 3994 ad
911 3940 962 3994 id
1009 3951 1217 4009 tempus
1258 3949 1466 3990 auratas

448 4024 586 4075 collo
595 4021 910 4076 cassen-Sic
933 4033 986 4073 et
998 4021 1146 4074 Plato
1168 4019 1224 4071 in
1239 4018 1466 4089 Gorgia,

1548 2601 1709 2660 caput
1755 2589 1990 2646 tollatur.
2038 2589 2127 2642 Sic
2170 2589 2297 2644 libri
2342 2609 2561 2656 omnes,

1550 2669 1708 2722 etiam
1763 2669 1917 2722 MSS.
1958 2687 2100 2733 non,
2146 2680 2209 2723 ut
2258 2670 2565 2724 Gronovius

1550 2746 1824 2815 emendat,
1849 2749 2110 2820 superlit05
2145 2761 2195 2800 et
2220 2751 2425 2804 inlitum.
2452 2749 2565 2802 Pli-

1548 2827 1669 2880 nius
1686 2847 1746 2882 ea
1764 2847 1896 2882 voce
1914 2842 1967 2882 et
1983 2828 2108 2882 alias
2128 2847 2253 2883 usus
2276 2847 2289 2882 ε
2318 2830 2533 2883 XXXII
2546 2868 2563 2895 ,

1552 2911 1627 2971 46
1660 2927 1674 2961 ε
1713 2934 1736 2957 ι
1758 2907 1863 2962 Sed
1904 2909 1946 2962 si
1982 2921 2273 2986 castoreum
2302 2911 2565 2964 fibrumve

1550 2985 1976 3059 supergrediatur
2018 2987 2234 3059 gravida
2254 3027 2271 3054 ,
2315 2989 2565 3042 abortum

1550 3067 1721 3120 facere
1753 3066 1947 3120 dieitur
1973 3088 1984 3119 :
2028 3079 2082 3119 et
2115 3066 2403 3138 periclitari
2444 3085 2567 3140 par·

1551 3160 1637 3200 tus
1664 3167 1677 3197 τ
1710 3147 1751 3199 si
1776 3147 2166 3217 superferatur,
2183 3169 2206 3191 ι
2234 3145 2342 3199 hoc
2374 3159 2453 3200 est
2474 3186 2489 3211 ,
2520 3146 2565 3199 si

1550 3243 1761 3278 sursum
1811 3227 2028 3290 feratur,
2074 3243 2136 3278 ae
2184 3242 2345 3297 supra
2383 3238 2562 3298 eaput.

1554 3303 1697 3357 Vide
1735 3303 2108 3358 indicemNal.
2144 3303 2455 3372 Mumvm,
2488 3309 2522 3359 6
2544 3325 2559 3356 ε

1560 3409 1583 3431 ι
1614 3385 1675 3436 C.
1711 3397 1886 3437 autem
1922 3383 2153 3448 Matius,
2192 3383 2260 3438 ad
2313 3386 2567 3440 auxilium

1552 3481 1826 3516 servorum
1875 3463 2019 3535 pileo
2068 3464 2334 3533 superlato
2380 3466 2568 3520 eonsu-

1552 3543 1659 3614 gitt
1693 3567 1716 3589 ι
1746 3541 1839 3596 sed
1858 3555 1983 3596 sunt
2000 3543 2092 3615 qui
2120 3542 2299 3615 legant
2316 3545 2389 3599 ibt
2407 3586 2424 3610 ,
2457 3543 2567 3597 sub-

1554 3623 1673 3674 lato.
1704 3622 1888 3676 Hann-

1632 3703 1685 3754 3.
1721 3703 1952 3756 Tor-retur
1982 3716 2031 3755 et
2072 3723 2177 3756 cum
2219 3704 2337 3756 satis
2380 3704 2569 3772 gemino

1544 3782 1755 3852 pondero
1774 3784 1950 3853 triplici
1969 3787 2134 3836 misem
2152 3825 2167 3850 ,
2188 3795 2287 3837 etc.
2312 3784 2381 3836 Et
2406 3782 2567 3852 paulo

1552 3873 1673 3931 post
1698 3883 1711 3911 :
1744 3883 1767 3905 ι
1790 3861 1934 3934 quod
1960 3863 2002 3916 si
2033 3863 2187 3916 tritus
2212 3881 2407 3934 pumex
2438 3859 2569 3933 adji-

1552 3939 1741 3992 ciatur.
1777 3967 1799 3988 .-
1831 3941 1917 3995 sio
1954 3944 2083 4012 Reg-
2126 3962 2153 3995 2
2186 3941 2310 3996 cod.
2343 3939 2567 3995 totidem

1557 4019 1743 4073 litteris
1785 4033 1837 4073 et
1883 4021 2155 4076 Pintianus
2197 4041 2226 4075 e
2265 4040 2377 4077 suo.
2416 4021 2571 4074 Prius
