2975 4684
745 404 869 474 DE
916 405 1115 488 AERE.
1164 405 1281 471 ET
1327 404 1536 473 EJUS
1585 403 2238 474 RECREMENTIS.
2419 403 2556 500 259

444 519 637 575 iterum
654 522 872 587 torrefitg
892 523 1184 593 iterumque
1201 521 1459 592 liquatur;
1481 531 1534 575 et
1552 539 1621 574 ωε
1641 520 1849 591 nigrum
1867 520 2066 592 praebet
2083 537 2097 572 ε
2115 519 2306 574 deiude
2322 523 2560 575 torrendi

442 608 583 660 vices
613 608 804 662 iterum
826 623 947 661 octo
970 609 1207 661 sustinet.
1232 609 1385 661 Tunc
1406 606 1621 678 quidem
1645 626 1714 660 ει
1733 609 1801 660 ab
1826 609 1970 660 omni
1997 607 2251 679 sulphure
2275 619 2556 679 purgatum

442 705 549 760 est3
566 694 659 748 sed
686 707 959 767 argeutum
976 695 1235 760 continet,
1256 694 1401 765 quod
1422 694 1496 748 sic
1515 695 1812 747 extrahitur.

513 783 625 835 AEri
647 784 963 855 argentifero
996 793 1222 854 quatuor
1250 783 1461 834 circiter
1492 782 1699 854 plumbi
1722 794 1892 852 partes
1911 779 2285 847 admiscentur,
2309 781 2429 854 plus
2457 783 2559 834 mi-

443 887 633 933 nusve,
656 883 811 942 prout
834 872 1109 942 plumbum
1131 870 1277 942 quod
1301 853 1585 923 adhibetur
1606 871 1792 942 purius
1810 884 1906 934 est,
1924 871 2004 922 vel
2026 871 2225 941 argenti
2240 872 2406 924 Sorax.
2429 871 2556 924 Hac

444 957 648 1010 intenso
666 959 837 1012 calore
856 959 1011 1011 simul
1037 959 1326 1030 liquantur,
1358 970 1409 1012 et
1430 959 1485 1010 in
1515 958 1708 1010 formas
1743 956 2092 1010 effunduntur
2118 958 2184 1010 ad
2209 975 2368 1030 panes
2387 958 2556 1012 conii-

444 1043 677 1096 ciendos.
701 1044 870 1098 Panes
898 1045 1151 1104 metallici
1176 1046 1229 1097 in
1251 1047 1469 1098 fornace
1495 1045 1806 1116 separatoria
1825 1042 2036 1096 duobus
2059 1043 2320 1113 lapidibus
2337 1044 2561 1098 dimidio

442 1124 607 1197 digito
634 1145 667 1179 a
698 1146 757 1180 se
781 1127 1005 1182 invicem
1036 1129 1288 1199 sejunctis
1316 1128 1686 1198 imponuntur,
1719 1138 1768 1178 et
1797 1124 2212 1196 superimpositis
2240 1126 2561 1179 carbonibus

443 1212 565 1283 igne
584 1213 833 1268 mediocri
857 1213 1190 1280 candeflunt;
1218 1215 1289 1267 ita
1318 1227 1377 1266 ut
1395 1215 1674 1285 plumbum
1703 1227 1921 1286 argento
1940 1213 2296 1264 consociatum
2315 1213 2561 1286 collique-

444 1309 548 1366 tur‚
566 1311 616 1352 et
636 1320 701 1354 ex
722 1321 823 1356 aere
846 1302 900 1352 iu
920 1302 1149 1354 catinum
1172 1301 1466 1370 subjectum
1491 1299 1712 1362 defluat,
1744 1318 1844 1352 tere
1865 1311 2070 1350 tantum
2091 1298 2148 1350 in
2166 1298 2379 1351 fornace
2399 1317 2567 1352 rema-

444 1399 629 1450 nente,
651 1406 761 1440 non
786 1389 1009 1459 liquato,
1048 1385 1139 1438 sed
1176 1385 1512 1456 spongiosam
1537 1404 1760 1438 massam
1776 1385 2054 1439 referente.
2079 1387 2234 1438 AErea
2261 1383 2372 1436 haee
2393 1402 2562 1440 massa

441 1484 657 1543 argento
680 1490 889 1534 carens,
908 1491 977 1524 ωε
1002 1488 1208 1541 pauper
1234 1469 1457 1522 dicitur:
1491 1481 1544 1522 et
1573 1471 1889 1540 excoquitur
1913 1488 1977 1524 ac
2005 1468 2266 1534 funditur,
2297 1468 2470 1524 donec
2496 1490 2566 1524 aes

442 1561 741 1616 malleabile
760 1597 776 1624 ,
802 1573 859 1612 et
882 1559 1063 1612 usibus
1086 1570 1273 1630 aptum
1294 1557 1404 1610 fiat.

512 1647 629 1699 Hoc
644 1646 699 1698 in
722 1646 908 1698 ultimo
925 1646 1103 1698 labore
1123 1645 1307 1697 seorim
1325 1643 1563 1716 quedam
1582 1645 1752 1697 instar
1767 1643 2064 1718 Lithargyri
2083 1665 2140 1699 se
2161 1644 2392 1716 produnt
2404 1681 2418 1704 .
2431 1664 2534 1698 aere
2549 1687 2563 1708 ‚

443 1743 661 1804 argento
674 1771 689 1796 ,
710 1732 1035 1803 plumboque
1052 1731 1307 1802 grevid03
1328 1749 1448 1802 quo
1469 1729 1669 1783 deinde
1683 1768 1701 1794 ,
1728 1729 1958 1784 admixto
1975 1732 2309 1804 Lithargyro,
2331 1717 2570 1785 fundun-

446 1831 533 1872 tur
548 1819 615 1872 ad
636 1819 973 1878 metallorum
998 1819 1377 1890 separationem
1397 1817 1798 1888 perficiendam.

513 1909 605 1958 ΔΕΒ
642 1918 859 1977 propter
894 1923 1155 1957 summam
1192 1904 1538 1957 ductilitatem
1575 1916 1626 1956 et
1659 1904 1890 1958 nitorem
1920 1901 2302 1977 frequentioris
2325 1918 2403 1958 est
2443 1925 2569 1961 usus

441 1992 735 2048 domestici.
755 1994 959 2044 Verum
979 1991 1047 2043 ad
1066 2010 1224 2043 usum
1246 1990 1512 2043 medicum
1539 1990 1804 2043 rarissime
1823 1991 2120 2055 adhibetur,
2137 1992 2318 2044 saltem
2345 1992 2569 2047 interne.

441 2080 617 2134 Hocce
642 2079 787 2132 enim
815 2078 1086 2130 metallum
1118 2077 1257 2129 inter
1278 2095 1475 2130 venena
1495 2091 1816 2143 recensetur,
1843 2080 2135 2148 presertim
2157 2098 2351 2150 aerugo.
2377 2078 2570 2133 Edulia

444 2169 581 2222 enim
598 2205 615 2231 ,
652 2165 737 2220 vel
775 2165 935 2219 etiam
978 2183 1113 2237 aqua
1148 2165 1456 2236 aliquandiu
1495 2164 1552 2216 in
1587 2165 1795 2235 cupreis
1832 2165 1971 2219 vasis
2005 2176 2203 2218 servata
2220 2205 2237 2228 ‚
2277 2166 2568 2219 admodum

443 2255 598 2308 noxia
622 2252 861 2308 evadunt.
880 2250 1181 2304 ventriculi
1199 2263 1250 2302 et
1266 2251 1639 2303 intestinorum
1663 2250 1874 2304 dolores
1899 2264 1950 2304 et
1974 2253 2204 2305 tormina
2222 2291 2237 2317 ,
2255 2251 2568 2306 vomitiones

442 2358 704 2404 enormeS,
719 2341 1017 2410 frequentes
1038 2349 1089 2390 et
1108 2337 1288 2389 inanes
1305 2334 1588 2408 deiiciendi
1609 2349 1846 2399 conatus,
1859 2337 2226 2390 intestinorum
2248 2337 2561 2392 exhulcera-

446 2429 612 2481 tiones
628 2464 645 2491 ,
688 2425 952 2479 interdum
988 2424 1257 2476 anhelitus
1297 2421 1662 2476 difficultatem
1679 2461 1694 2484 ,
1729 2436 1780 2475 et
1817 2425 2171 2495 spasmodIcas
2206 2426 2564 2478 membrorum

448 2514 833 2568 contractiones
850 2552 865 2576 ,
888 2531 950 2566 ac
974 2511 1124 2564 triste
1143 2509 1364 2573 lethum,
1382 2528 1482 2579 pro
1504 2509 1690 2580 majori
1702 2509 1789 2562 vel
1807 2510 1998 2562 minori
2015 2510 2173 2584 hujus
2192 2511 2376 2564 veneni
2394 2530 2564 2583 quan-

447 2601 590 2654 titate
603 2639 618 2664 ,
634 2599 951 2671 producunt.

514 2686 794 2750 chalcitis,
825 2686 959 2758 misy
985 2698 1039 2738 et
1062 2703 1185 2756 sory
1208 2701 1427 2756 corpora
1446 2683 1640 2750 fossilis
1661 2695 1784 2736 sunt
1802 2682 1940 2735 inter
1967 2703 2024 2736 se
2045 2685 2247 2757 origiue
2274 2697 2329 2738 et
2363 2686 2562 2738 viribus

444 2774 906 2848 conjunctissima,
924 2790 1040 2844 quae
1062 2772 1390 2842 potissimum
1418 2772 1473 2822 in
1495 2767 1706 2840 Cypriis
1733 2768 2019 2822 oerisodinis
2043 2771 2098 2822 in
2125 2773 2390 2826 montibus
2415 2773 2564 2826 Solo-

446 2879 565 2914 rum
585 2859 1000 2931 reperiebantur.
1032 2858 1263 2910 Galenus
1276 2895 1293 2922 ,
1320 2857 1412 2909 lib.
1446 2861 1509 2908 de
1532 2859 1825 2924 Simplicium
1861 2861 2323 2909 Medicamentorum
2333 2860 2563 2926 faculta-

445 2950 568 2999 :ihm
586 2983 602 3008 ‚
620 2955 803 2999 narrat
831 2962 885 2996 se
910 2942 994 2996 his
1018 2944 1077 2996 iu
1097 2943 1287 3006 fodinis
1315 2944 1511 2997 vidisse
1540 2943 1792 3016 quasdam
1829 2945 1886 2995 in
1915 2943 2269 3014 longissimum
2295 2957 2564 3017 porrectas

445 3031 614 3088 veluti
643 3049 801 3084 muas
819 3066 835 3093 ‚
864 3030 993 3086 alias
1026 3048 1181 3102 super
1216 3030 1341 3083 alias
1368 3048 1591 3085 numero
1628 3044 1734 3084 tres
1767 3051 1779 3084 :
1803 3048 2028 3103 quarum
2055 3031 2234 3084 infima
2264 3043 2378 3084 erat
2401 3033 2565 3102 ipsius

446 3136 630 3192 soryos
647 3155 665 3182 ,
685 3136 845 3190 super
859 3135 1021 3189 quam
1048 3118 1207 3170 altera
1226 3130 1341 3170 erat
1359 3117 1646 3173 chalciteos
1661 3157 1676 3184 ,
1695 3136 1936 3190 suprema
1956 3119 2167 3190 misyos.

516 3207 769 3260 Praeterea
793 3205 935 3260 idem
954 3205 1187 3258 Galenus
1210 3209 1452 3258 observat
1467 3204 1713 3257 chalcitin
1737 3223 1832 3275 per
1853 3217 2058 3275 tempus
2074 3206 2130 3258 in
2153 3207 2289 3280 misy
2309 3218 2567 3261 transmu-

446 3292 567 3346 tari.
600 3293 845 3345 Frustum
870 3292 1010 3344 enim
1040 3292 1325 3345 chalciteos
1343 3329 1359 3354 ‚
1382 3289 1527 3364 quod
1553 3291 1668 3362 ipse
1691 3290 1748 3342 in
1784 3291 1992 3363 Cypriis
2022 3291 2220 3346 fodinis
2246 3294 2530 3366 collegerat
2547 3333 2563 3356 .

446 3392 565 3451 post
578 3397 743 3432 annos
756 3379 963 3431 circiter
980 3377 1189 3450 triginta
1210 3377 1265 3429 in
1286 3378 1423 3450 misy
1440 3377 1618 3448 quoad
1639 3377 1890 3430 extimm
1907 3379 2236 3449 superficiem
2257 3399 2565 3434 conversum

448 3463 665 3532 reperit,
706 3461 834 3515 dum
870 3461 1015 3533 quod
1047 3461 1103 3512 in
1148 3459 1323 3512 medio
1359 3473 1502 3524 erat,
1549 3460 1774 3530 perfecta
1812 3474 1927 3514 erat
1960 3461 2195 3526 chalcitis
2233 3463 2568 3515 nullamdum

448 3549 805 3602 alterationem
831 3558 1057 3620 experta.
1084 3549 1151 3598 At
1174 3565 1299 3600 vero
1324 3566 1387 3599 ex
1416 3547 1522 3600 levi
1555 3544 1786 3617 quadam
1816 3549 2105 3602 mutatione
2141 3567 2300 3620 quam
2339 3550 2392 3600 in
2422 3565 2567 3618 sory,

448 3636 593 3707 quod
630 3639 699 3690 ab
733 3634 917 3690 eodem
955 3643 1189 3704 tempore
1228 3634 1469 3686 servabat
1486 3671 1502 3696 ,
1546 3631 1891 3704 deprehendit
1931 3636 1985 3689 id
2031 3637 2202 3707 ipsum
2238 3635 2374 3685 forte
2405 3634 2565 3702 longo

450 3734 689 3794 tempore
707 3721 763 3774 in
784 3719 1035 3774 chalcitin
1062 3719 1255 3771 mutari
1282 3737 1433 3788 posse
1455 3719 1764 3789 suspicatur.

412 3797 423 3817 '
520 3811 671 3878 (Haec
692 3809 945 3863 hacteuus
973 3806 1267 3858 Geoffroeus
1286 3841 1301 3867 ,
1330 3806 1508 3859 Tract.
1539 3804 1608 3858 de
1633 3807 1760 3859 Mat.
1787 3808 1924 3861 med.
1945 3820 2073 3874 tom.
2093 3807 2150 3865 13
2191 3802 2260 3854 de
2285 3802 2567 3856 chalcitide

456 3914 579 3948 vero
594 3937 609 3962 ,
643 3899 757 3950 misi
777 3908 827 3950 et
842 3895 974 3959 sori,
1000 3893 1075 3946 sic
1100 3892 1281 3946 talium
1308 3911 1485 3946 rerum
1505 3893 1588 3946 vir
1604 3891 1744 3947 inter
1761 3912 1954 3964 paucos
1981 3890 2349 3962 peritissimus,
2367 3903 2570 3946 nostras

457 3983 834 4045 Baelonunr,
854 3985 1059 4035 Dietion.
1081 3983 1165 4032 des
1188 3985 1403 4055 Scienees
1433 3987 1732 4049 namrelles.)

2265 4079 2382 4164 17²
