2975 4684
470 449 614 496 202
1006 427 1082 492 C.
1138 427 1469 496 PLINII
1521 425 1736 494 NAT.
1787 426 2041 492 HIST.

470 583 634 642 nus,
692 555 1009 648 Lophon,
1059 557 1284 650 Lyson
1315 611 1333 643 ,
1394 560 1578 626 Leon
1607 607 1626 636 ‚
1685 557 2093 626 Menodorus
2121 609 2143 640 ,
2203 559 2542 651 Myiagrus
2565 612 2584 642 ,

472 664 877 756 PolycrateS,
914 659 1318 754 Polydorus,
1372 662 1819 755 Pythocritu5‚
1863 661 2363 757 Protogenes¹²,
2409 663 2582 732 idem
2671 663 2677 668 ’

468 771 722 861 pictura
756 764 1281 853 clarissimus,ut
1311 768 1600 838 dicemus
1635 791 1651 833 :
1679 767 2010 837 Patrocles
2031 823 2049 852 ,
2082 768 2253 838 Polis
2275 768 2578 855 ,Posido-

466 873 647 954 niu8‚
668 873 783 962 qui
812 885 879 938 et
902 887 1249 1004 arpentum
1281 873 1532 943 caelavit
1562 871 1890 957 nobiliter,
1913 877 2178 944 natione
2215 875 2538 968 Ephesius
2564 901 2580 943 :

462 972 970 1069 Periclymenus¹
1006 1031 1025 1063 ,
1046 977 1302 1066 Philon,
1320 980 1644 1062 Simenus,
1659 980 2068 1068 Timotheus,
2081 982 2584 1066 'l'heomnestuS‚

460 1081 954 1172 Timarchides,
993 1087 1261 1167 Timon,
1292 1085 1534 1170 Tisias,
1564 1085 1882 1154 Thrason.

566 1187 670 1257 Ex
708 1191 1010 1260 omnibus
1036 1205 1248 1258 autem
1273 1190 1556 1259 maxime
1581 1175 1976 1286 cognomine
1999 1193 2268 1284 insignis
2297 1205 2398 1261 est
2426 1189 2580 1261 Cal·
2627 1199 2634 1211 '

460 1289 788 1366 limachus
816 1285 887 1385 ¹⁴,
939 1313 1194 1388 semper
1244 1293 1684 1366 calumniator
1723 1299 1867 1383 sui,
1925 1321 2048 1366 nee
2083 1296 2282 1366 finem
2325 1298 2580 1367 habens

462 1398 852 1497 diligentiae,
892 1401 977 1470 ob
1009 1399 1077 1467 id
1104 1388 1693 1472 Cacizotechnos¹⁵
1733 1402 2133 1497 appellatuS,
2169 1402 2582 1472 memorabili

462 1508 765 1603 exemplo
790 1505 1137 1575 adhibendi
1168 1531 1344 1577 curae
1373 1509 1670 1578 modum.
1701 1501 1916 1602 Hujus
1949 1523 2100 1577 sunt
2123 1507 2434 1578 saltantes
2462 1511 2584 1578 La-

464 1637 691 1695 caemn,
718 1610 1134 1681 emendatum
1170 1601 1422 1708 opus¹⁶,
1454 1615 1570 1684 sed
1599 1618 1664 1684 in
1694 1639 1826 1710 quo
1863 1617 2139 1710 gratiam
2177 1641 2443 1684 omnem
2475 1615 2584 1684 di-

463 1717 724 1812 ligentia
769 1714 1132 1786 abstulerit.
1184 1723 1381 1790 Hunc
1426 1721 1692 1814 quidam
1737 1737 1804 1790 et
1851 1724 2176 1815 pictorem
2215 1721 2412 1791 fuisse
2448 1735 2582 1790 tra·

460 1821 642 1890 dunt.
680 1825 833 1891 Non
851 1827 979 1890 ae're
998 1840 1234 1919 captus
1249 1879 1267 1911 ,
1290 1851 1412 1896 nec
1434 1841 1578 1895 arte
1599 1880 1617 1912 ,
1639 1852 1838 1896 unam
1863 1827 2280 1896 solummodo
2300 1825 2582 1896 Zenonis

458 1941 739 1995 statuam
788 1930 1035 2022 Cypria
1082 1931 1150 1998 in
1191 1930 1672 2025 expeditione¹⁷
1704 1957 1842 2000 non
1878 1931 2177 2001 vendidit
2213 1933 2380 2002 Cato
2403 1983 2422 2014 ,
2467 1923 2582 2000 sed

456 2157 571 2214 κλῆς
598 2150 689 2208 ille
718 2153 1021 2209 Crotoniata
1040 2193 1055 2217 ‚
1084 2151 1151 2208 de
1178 2173 1287 2226 quo
1314 2153 1468 2208 Paua.

456 2233 623 2287 Eliac.
662 2247 796 2307 post.
819 2235 924 2297 VI,
958 2251 1078 2302 pag.
1119 2233 1250 2303 379.
1284 2235 1433 2296 Πόλις
1454 2275 1468 2299 ,

458 2314 581 2384 qui,
608 2327 669 2368 ut
692 2315 911 2386 opinor,
941 2311 1345 2366 architecturam
1376 2333 1474 2384 pa-

458 2394 591 2447 riter
616 2393 849 2447 exercuit
864 2431 878 2455 ,
900 2390 1213 2462 scripsitque
1232 2391 1299 2444 de
1323 2391 1475 2464 Sym·

458 2473 657 2526 meti-iis
682 2472 959 2533 volumen,
979 2481 1110 2523 teste
1134 2470 1389 2524 Vitruvio
1414 2473 1472 2526 iu

458 2551 607 2622 pref.
622 2551 740 2602 ,ΥΠ
758 2590 774 2615 ,
802 2567 921 2620 pag.
954 2567 977 2600 r
992 2550 1082 2602 25.
1106 2541 1435 2614 Πὸσιιδώνιος
1456 2592 1473 2618 ,

456 2631 799 2700 Περικλύμενος
842 2643 897 2681 et
941 2629 1092 2681 Φίλων
1134 2631 1295 2683 ambo
1336 2633 1473 2684 inter

455 2709 733 2762 statuarios
754 2707 959 2760 nobiles
982 2707 1181 2762 laudati
1198 2729 1227 2762 a
1248 2711 1472 2766 Tatiano

455 2789 513 2841 in
542 2788 638 2840 Or.
680 2801 873 2842 contra
906 2786 1151 2854 Graecos,
1190 2807 1310 2862 pag.
1338 2791 1468 2844 183.

454 2869 701 2938 Τιμόθεος,
712 2866 894 2937 dequo
907 2867 1125 2920 Pausan.
1140 2867 1381 2923 Corinth.
1399 2870 1471 2934 11,

453 2965 511 3018 p.
546 2967 568 3001 1
582 2951 674 3012 46.
697 2948 976 3016 Θιόμνηςος
995 2947 1279 3002 Sardianus
1296 2949 1469 3015 fictor,

454 3027 615 3080 Eliac.
658 3039 795 3096 post.
818 3027 923 3087 vl,
958 3045 1077 3098 pag.
1117 3027 1251 3097 371.
1280 3035 1469 3100 Τιμαρ-

451 3101 598 3172 χίῶης
628 3102 965 3158 Atheniensis
986 3107 1277 3171 statuarius,
1304 3108 1469 3162 Phoc.

454 3184 523 3246 X,
548 3203 604 3254 p.
632 3187 763 3252 678.
792 3184 983 3256 Τίμων,
1006 3187 1205 3252 Τισίας,
1228 3188 1435 3259 Θράσων
1452 3225 1468 3251 ,

451 3265 601 3334 cujus
630 3281 791 3333 opera
814 3263 1003 3319 vidisse
1024 3284 1078 3319 se
1105 3267 1297 3320 Strabo
1320 3274 1472 3320 testa·

451 3354 556 3409 tur,
576 3342 868 3413 xlvfflag.
904 3348 1036 3408 641.
1064 3347 1245 3399 Hnm.

539 3440 561 3474 1
578 3441 627 3474 2.
668 3423 961 3492 Protogenes
992 3425 1114 3476 idem
1145 3430 1339 3495 pictura
1368 3427 1470 3478 ela·

453 3505 679 3554 rissimus.
694 3503 1287 3574 ExquisitusVossianus
1296 3523 1309 3556 ε
1319 3509 1471 3574 pietu-

453 3601 523 3634 roe
548 3581 855 3644 clarissimae,
896 3594 955 3634 ut
992 3583 1087 3636 lib.
1118 3584 1348 3647 XXXV,
1383 3590 1415 3647 4
1450 3603 1464 3636 t

461 3686 484 3710 ι
506 3661 658 3715 Fabii
684 3661 987 3715 clarissimas
1016 3663 1205 3732 gentis.
1230 3689 1251 3709 ι
1282 3663 1465 3716 Gneus.

540 3741 629 3796 13.
687 3743 1055 3816 Periclymenus.
1112 3742 1253 3794 Male
1314 3741 1466 3796 MSS.

454 3821 616 3893 Regg.
656 3836 710 3875 et
751 3820 915 3876 editio
947 3822 1218 3892 princeps,
1252 3821 1466 3873 Pericle-

452 3920 557 3953 nus.
588 3903 679 3956 Est
716 3901 1139 3973 Periclymenus,
1166 3900 1289 3972 qui,
1336 3915 1465 3955 teste

453 3980 705 4046 Tatiauo,
726 3983 845 4036 feeit
864 3981 1139 4034 mulierem
1160 3981 1367 4050 triginta
1389 3981 1471 4034 in-

454 4056 619 4111 fantes
650 4079 759 4113 uno
788 4075 945 4132 partu
970 4062 1196 4115 enixam.
1222 4062 1389 4116 Bao-r.

1650 2162 1736 2218 14.
1793 2155 2137 2208 Callimachus.
2201 2153 2372 2224 Hujus
2413 2167 2578 2226 opera

1560 2235 1839 2288 Pausanias
1867 2247 2131 2298 recenset,
2154 2233 2320 2286 Attio.
2348 2235 2390 2294 1,
2421 2252 2477 2303 p.
2507 2233 2574 2287 23

1561 2328 1616 2368 et
1655 2317 1747 2378 48.
1777 2315 1961 2367 Hnm.

1649 2393 1736 2448 1⁵.
1771 2393 2158 2446 Cacizoteclmos.
2195 2391 2578 2459 Κακιζότεχνος,

1563 2486 1624 2528 ut
1645 2487 1696 2526 et
1719 2473 1996 2526 Pausanias
2016 2471 2116 2535 ait,
2137 2471 2297 2524 Attio.
2327 2471 2373 2534 1,
2398 2489 2455 2540 p.
2486 2474 2579 2534 48.

1565 2553 1886 2609 Caeoteelmos
1908 2551 2194 2604 Vitruvius
2217 2549 2355 2603 dixit
2383 2551 2484 2613 IV,
2523 2567 2574 2603 ι.

1563 2635 1625 2686 Ii:
1669 2631 1731 2685 R.
1760 2651 1792 2685 >a
1829 2630 1950 2687 eod.
1979 2631 2408 2685 Cacotexiteehnon
2428 2667 2443 2693 ,
2485 2648 2578 2682 κα-

1559 2713 1890 2780 ‚torneia-qm
1915 2751 1931 2777 ,
1961 2708 2106 2782 quod
2136 2723 2301 2762 artem
2337 2725 2577 2761 corrum-

1559 2811 1687 2864 pere
1731 2791 2023 2857 videretur,
2071 2790 2235 2842 nimia
2283 2787 2575 2859 diligentia.

1559 2871 1752 2925 Similis
1788 2871 1916 2925 huic
1942 2872 2060 2934 iste,
2101 2868 2171 2935 de
2203 2886 2312 2938 quo
2337 2867 2578 2940 superius

1558 2953 1662 3004 hoc
1681 2952 1796 3023 ipso
1813 2967 1929 3021 cap.
1952 2977 1976 2999 ι
1992 2947 2416 3018 diligentissimus
2431 2947 2577 3008 artis,

1559 3044 1612 3085 et
1635 3031 1884 3084 inimicus
1907 3031 1988 3084 sui
2007 3026 2168 3101 judex
2189 3063 2206 3090 ,
2223 3039 2324 3080 etc.
2357 3053 2378 3074 ι
2409 3028 2476 3078 Η.

1645 3131 1668 3165 1
1683 3116 1732 3164 6.
1753 3109 1996 3162 Saleantes
2019 3111 2267 3172 Lacaenoe,
2285 3105 2576 3158 emendatum

1559 3210 1692 3260 opus.
1719 3191 1913 3259 Aptius
1941 3189 2133 3258 legitur
2166 3185 2538 3236 commendarim
2556 3221 2573 3248 ‚

1560 3287 1720 3340 quam
1761 3267 2080 3326 emendatum,
2126 3263 2300 3334 inquit
2342 3263 2569 3316 Pintinn.

1559 3346 1715 3401 Haud
1744 3365 1875 3417 ego,
1912 3345 1996 3397 vel
2036 3345 2110 3396 ob
2137 3359 2300 3394 unum
2336 3339 2574 3392 Petronii

1557 3428 1732 3480 locum
1758 3445 1805 3478 :a
1821 3423 2078 3495 laterique
2087 3420 2316 3492 adplicat
2327 3435 2446 3471 meo
2457 3435 2571 3470 mu-

1556 3507 1740 3558 lierem
1755 3504 2005 3558 omnibus
2017 3499 2308 3554 simulacris
2325 3495 2576 3550 emenda-

1558 3587 1767 3638 tlorem.
1807 3611 1832 3632 ιι
1875 3583 1977 3638 Sed
2020 3593 2075 3635 et
2117 3595 2272 3650 supra
2327 3576 2572 3629 Plinius:

1563 3691 1584 3712 ι
1623 3665 1888 3735 Capillum
1919 3675 2130 3734 quoque
2159 3672 2211 3712 et
2237 3657 2430 3729 pubem
2463 3673 2572 3708 non

1557 3742 1886 3797 emendatius
1909 3743 2107 3796 fecisse.
2137 3765 2161 3786 ι
2191 3737 2369 3790 Gnosi.

1643 3843 1664 3876 1
1677 3843 1726 3894 7.
1759 3824 1941 3896 Cypria
1967 3827 2020 3873 in
2044 3818 2355 3890 expeditione.
2379 3816 2460 3867 De
2482 3813 2573 3866 illa

1557 3902 1925 3972 expeditione,
1961 3899 2308 3966 unctioneque
2345 3891 2576 3964 supelle-

1558 3981 1696 4035 ctilis
1741 3982 1924 4050 regin,
1963 3977 2084 4029 vide
2129 3975 2466 4028 Plutarchum
2515 3973 2568 4024 in

1559 4061 1761 4114 Catone
1803 4060 2023 4111 minore.
2065 4057 2269 4110 nunc.
2309 4087 2388 4097 —
2429 4053 2571 4106 Cato.
