2975 4684
490 377 629 452 586
1028 383 1105 450 c.
1160 383 1494 454 PLINII
1543 343 1758 455 ΝΑΤ.
1815 385 2063 453 ffls‘r.

487 515 739 585 Chares
770 537 927 582 vero
956 514 1435 583 Phaethontem
1458 515 1527 582 in
1549 515 1881 610 AEthiopia
1908 516 2297 584 Hammonis
2325 505 2594 586 obiisse:

484 621 573 690 ob
631 620 697 689 id
756 617 1101 688 delubrum
1154 620 1243 688 ibi
1286 643 1427 690 esse
1468 635 1536 688 at
1581 645 1664 688 ue
1715 619 2092 704 oraculum,
2150 620 2598 718 electrumque

484 727 682 822 gigni.
735 723 1077 794 Philemon
1119 725 1335 796 fossile
1381 726 1550 796 esse¹
1585 781 1603 814 ‚
1644 741 1711 794 et
1745 728 1814 794 in
1859 727 2126 820 Scythia
2162 729 2302 795 erui
2336 728 2599 799 duobus

483 830 643 899 locis
673 857 687 898 ε
730 830 1082 900 candidum
1118 830 1314 926 atque
1344 834 1517 902 cerei
1556 831 1793 902 coloris
1817 885 1836 918 ,
1869 832 2046 926 quod
2086 847 2433 902 vocaretur
2465 833 2592 904 ele·

482 951 745 1006 etrum:
800 938 868 1005 in
900 936 1029 1006 alio
1059 936 1206 1020 loco
1249 937 1535 1023 fulvum,
1585 937 1762 1033 quod
1802 936 2243 1033 appellaretur
2279 940 2596 1010 subalter-

482 1041 785 1112 nicum¹⁷.
846 1045 1309 1113 Demostratus
1368 1031 1776 1139 lyncurion¹⁸
1823 1045 1890 1113 id
1933 1058 2162 1130 vocat,
2221 1059 2288 1113 et
2331 1045 2472 1115 fieri
2514 1072 2596 1115 ex

478 1151 671 1216 urina
715 1146 980 1242 lyncum
1018 1147 1415 1234 bestiarum,
1451 1176 1489 1219 e
1533 1149 1822 1220 maribus
1875 1149 2128 1218 fulvum
2179 1163 2244 1218 et
2293 1151 2595 1246 igneum,

478 1279 516 1322 e
558 1255 815 1324 feminis
852 1253 1223 1350 languidius
1261 1271 1459 1351 atque
1509 1256 1882 1325 candidum.
1925 1254 2051 1324 Alii
2101 1255 2323 1325 dixere
2365 1256 2593 1352 langu-

412 1375 443 1428 5
480 1360 645 1429 rium
668 1415 688 1448 ‚
716 1376 782 1430 et
818 1386 959 1430 esse
987 1363 1054 1428 in
1086 1360 1271 1430 ltalia
1300 1363 1539 1432 bestias
1565 1362 1910 1456 langurias.
1934 1362 2352 1430 Zenothemis
2371 1361 2594 1456 langas

478 1471 673 1535 vocat
698 1466 957 1536 easdem
973 1521 992 1553 ‚
1021 1481 1087 1535 et
1114 1469 1287 1537 circa
1323 1468 1578 1538 Padum
1605 1471 1681 1538 iis
1704 1470 1904 1536 vitam
1931 1465 2294 1561 assignat'9.
2319 1469 2595 1537 Sudines

390 1575 395 1578 ’
477 1572 781 1641 arborem
809 1597 954 1666 quae
984 1574 1210 1667 gignat
1236 1575 1300 1642 in
1333 1575 1621 1669 Liguria.
1651 1577 1734 1642 In
1765 1572 1993 1642 eadem
2025 1576 2346 1642 sententia
2378 1577 2444 1642 et
2459 1575 2598 1642 Me-

476 1678 782 1747 trodorus
802 1678 941 1747 fuit.
965 1681 1241 1748 Sotacus
1266 1680 1546 1750 credidit
1569 1683 1636 1748 in
1653 1681 1987 1748 Britannia
2020 1679 2273 1773 petris'⁰
2301 1679 2595 1763 effluere,

474 1807 635 1876 quas
675 1784 1017 1854 electridas
1056 1801 1265 1854 vocat.
1336 1787 1616 1880 Pytheas
1679 1785 2175 1870 Guttonibus²¹‚
2225 1785 2598 1855 Germaniae

472 1891 689 1983 genti,
734 1890 940 1960 accoli
977 1894 1349 1961 aestuarium
1392 1893 1730 1977 Oceani²²,
1766 1892 2248 1959 Mentonomon
2295 1893 2596 1986 nomine,

470 1997 681 2088 spatio
726 1995 1085 2064 stadioru'm
1130 2021 1240 2064 sex
1296 1994 1569 2064 millium
1615 2017 1630 2058 :
1677 1996 1762 2063 ab
1819 1995 1948 2064 hoc
2001 1996 2128 2064 diei
2181 1998 2596 2093 navigatione

469 2098 749 2168 insulam
799 2100 1026 2169 abesse
1062 2099 1340 2168 Abalum
1364 2089 1413 2127 ³³
1445 2118 1460 2157 τ
1498 2099 1651 2171 illuc
1706 2093 1924 2169 vere²⁴
1969 2101 2280 2172 fluctibus
2320 2101 2592 2189 advehi,

554 2293 576 2324 ι
588 2275 619 2322 6
630 2311 642 2324 .
656 2272 839 2324 Fossile
848 2291 959 2324 esse.
978 2271 1264 2325 Succin'um
1280 2272 1456 2325 fossile
1470 2311 1486 2337 ‚

473 2351 673 2404 l'ambre
702 2353 761 2404 de
793 2353 996 2403 rochers.
1030 2351 1229 2404 Contra
1260 2349 1405 2423 quod
1431 2351 1487 2404 in

470 2431 606 2484 mari
632 2432 919 2503 reperitur,
930 2431 1132 2483 l'ambre
1149 2431 1487 2497 lavd,l’ambre

466 2512 591 2580 poli.
620 2513 787 2564 Bao-r.
1002 2565 1011 2576 ‚

560 2607 647 2659 17.
679 2588 1072 2642 Subalterm'cum.
1104 2589 1274 2642 Gron.
1312 2601 1365 2642 et
1396 2589 1484 2644 Al.

470 2680 591 2720 ante
616 2668 785 2723 Hard.
806 2669 1154 2721 waleet-uicum.
1184 2669 1288 2722 En.

558 2769 576 2799 1
591 2749 645 2802 8.
671 2748 959 2818 Lym-urion.
980 2748 1271 2819 Iosephus,
1296 2749 1389 2801 lib,
1404 2749 1485 2814 V,

472 2827 699 2888 ἁλώσεως
720 2861 735 2888 ,
766 2829 969 2899 λιγύριον
988 2841 1153 2882 vocat.
1166 2827 1304 2880 vide
1323 2827 1485 2882 Brod.

474 2906 569 2960 lib.
601 2907 715 2970 III,
742 2927 858 2977 cap.
898 2927 986 2972 ως
1018 2907 1261 2977 Theoph.
1294 2907 1386 2959 lib.
1420 2905 1487 2960 de

471 2985 776 3056 Lapidibus.
802 2989 938 3039 Du..
967 3019 1046 3030 --
1082 2987 1373 3058 Lync-wion.
1403 2986 1487 3038 De

472 3066 717 3135 lyncurio
762 3065 1016 3131 diximus,
1044 3065 1136 3118 lib.
1164 3065 1331 3130 Vnt,
1370 3083 1485 3135 cap.

476 3144 569 3213 57.
598 3143 786 3197 Strabo
816 3144 1084 3208 similiter,
1119 3145 1210 3196 lib.
1240 3145 1341 3209 IV,
1368 3163 1484 3216 pag.

478 3242 581 3276 που
598 3261 613 3286 ,
653 3224 745 3276 ubi
776 3223 843 3276 de
874 3224 1157 3295 Liguribus
1182 3242 1201 3276 :
1227 3223 1491 3284 Πλεονάζει

470 3297 531 3354 δὲ
554 3303 639 3356 καὶ
670 3305 725 3355 τὸ
765 3307 1037 3375 λυγγῡύριον
1068 3295 1190 3374 παρ’
1221 3305 1415 3366 αὐτοῖς,
1465 3303 1491 3354 6

472 3402 598 3444 τινες
620 3385 847 3453 ἤλεκτρον
876 3385 1301 3453 προσαγορεύουσι.
1326 3410 1347 3430 ι
1383 3382 1486 3434 Co·

472 3463 685 3532 piosuni
718 3476 792 3516 est
814 3461 955 3533 apud
994 3462 1110 3514 illos
1143 3461 1449 3532 lyngurium
1471 3498 1487 3524 ,

471 3541 619 3612 quod
666 3543 915 3594 nonnulli
972 3541 1344 3610 cognominant
1384 3538 1489 3592 ele·

470 3613 661 3674 etrum.
699 3646 721 3668 ι
756 3621 821 3672 Η.
855 3649 933 3661 -
955 3620 1242 3691 Lyncurt‘on.
1271 3619 1348 3671 De
1372 3619 1492 3688 lyn-

475 3702 625 3753 curio
649 3699 857 3752 dicetur
882 3699 1019 3751 infra
1048 3719 1164 3770 cap.
1202 3699 1289 3752 13.
1316 3700 1418 3750 En.

559 3799 647 3848 19.
678 3780 931 3848 Λαὶς-και.
955 3779 1042 3832 Sic
1067 3792 1118 3831 et
1147 3775 1326 3830 Chiffl.
1347 3775 1485 3847 affir-

472 3871 571 3910 mat
588 3859 759 3913 Gron.
784 3871 833 3910 et
856 3859 939 3911 Al.
972 3871 1091 3911 ante
1112 3855 1273 3910 Hard.
1304 3859 1407 3910 En.

556 3957 643 3992 ao.
678 3939 835 3990 Petris
868 3939 1078 4009 effluere.
1120 3935 1207 3990 Sic
1252 3937 1380 4007 Reg.
1427 3955 1453 3987 a
1473 3975 1489 4000 ,

476 4015 627 4068 colb.
666 4015 730 4081 3,
770 4017 948 4071 chiffl.
998 4030 1095 4070 vet.
1133 4015 1275 4088 apud
1307 4016 1487 4069 Dalec.

1573 2273 1788 2344 aliique.
1815 2273 1878 2326 In
1903 2271 2056 2326 editis
2085 2291 2362 2346 perperam
2378 2313 2394 2338 ,
2410 2273 2598 2326 arbori-

1575 2355 1661 2405 bus
1682 2353 1890 2424 effluere.
1921 2353 2100 2407 Hum.
2121 2386 2201 2397 —
2217 2354 2276 2405 V
2268 2367 2392 2406 ocat-
2422 2353 2592 2406 Gron-

1575 2429 1628 2503 et
1657 2433 1740 2486 Al.
1765 2435 1969 2486 vocavit.
1992 2434 2098 2485 En.

1660 2534 1688 2566 a
1704 2530 1751 2565 1.
1781 2511 2086 2565 Guttonibus.
2124 2509 2428 2580 Legendum
2467 2509 2596 2566 Gue-

1576 2595 1668 2657 ta's,
1709 2591 1800 2662 qui
1833 2590 2152 2650 Ptolemae,
2185 2589 2281 2640 lib⁶
2307 2589 2390 2650 11,
2423 2589 2596 2643 Gothi

1577 2681 1842 2722 vocantur.
1863 2668 2052 2721 Guttos
2077 2666 2164 2718 alii
2191 2666 2415 2720 Prussiae
2439 2666 2596 2721 Smo-

1575 2748 1801 2801 landiam
1821 2766 1927 2800 esse
1947 2759 2160 2818 putant,
2187 2747 2596 2819 aestnariumque

1575 2829 1956 2881 Mentoriomon
1967 2864 1981 2891 ,
1999 2825 2251 2878 Curiense
2263 2825 2430 2892 littus,
2445 2825 2593 2898 quod

1575 2907 1856 2962 Germanis
1892 2904 2190 2978 appelletur
2239 2905 2326 2957 der
2364 2903 2593 2958 Curi-eche

1575 2985 1775 3040 Str-and.
1791 2985 1870 3038 Eo
1890 3003 2116 3055 namque
2130 2983 2378 3039 fluctibus
2393 2984 2592 3037 Oceani

1579 3085 1762 3136 magna
1791 3064 1987 3116 succini
2023 3064 2174 3133 copia
2207 3064 2431 3134 ejicitur,
2456 3065 2593 3118 sicut

1577 3157 1630 3197 et
1652 3143 1718 3196 ad
1747 3143 2054 3195 Dentiscum
2072 3183 2086 3205 ‚
2133 3143 2407 3205 Danezick,
2439 3143 2593 3197 Prus-

1577 3224 1683 3276 siae.
1726 3224 1866 3274 Du..
1909 3251 1988 3261 ——
2039 3221 2347 3275 Guttom'bus.
2390 3224 2468 3275 De
2508 3222 2591 3276 his

1574 3303 1780 3374 »egimus
1809 3301 1904 3353 lib.
1925 3301 2024 3369 IV,
2051 3319 2169 3370 cap.
2205 3303 2295 3356 28.
2325 3302 2504 3354 Ham.

1663 3403 1689 3436 2
1699 3403 1727 3434 a
1737 3423 1748 3434 .
1768 3381 2072 3432 AEstuare‘um
2079 3380 2276 3432 Oceani.
2296 3382 2359 3432 In
2369 3380 2593 3433 Vistula:

1577 3460 1773 3514 scilicet
1803 3459 1962 3512 ostiis.
1991 3459 2154 3511 Bao-r.

1659 3541 1749 3594 23.
1790 3537 2019 3591 Ahalam.
2061 3536 2271 3592 Eodem
2307 3549 2429 3590 sunt
2465 3537 2596 3591 Ele-

1577 3619 1770 3674 ctrides
1796 3617 2134 3672 Glessarioeve
2155 3617 2354 3670 insula.
2375 3617 2546 3670 Bao-r.

1664 3705 1754 3762 24.
1793 3697 1934 3750 Vere.
1987 3725 2007 3744 ι
2047 3697 2203 3749 Veris
2243 3694 2524 3766 temperie,
2563 3723 2585 3744 .

1576 3779 1669 3830 lib.
1691 3779 1790 3842 lv,
1813 3795 1927 3847 cap.
1961 3776 2026 3828 13
2043 3815 2058 3841 ,
2084 3773 2328 3847 quamvis
2349 3773 2458 3827 illic
2478 3776 2596 3847 qui-

1577 3855 1699 3911 dam
1727 3857 1901 3926 legant
1933 3860 2060 3908 veris
2096 3867 2312 3922 tempore.
2344 3854 2482 3907 Du..
2511 3885 2592 3894 ——-—

1579 3937 1702 3989 Illuc
1722 3935 2068 4004 vemflucte'bus
2085 3933 2267 3987 advehi.
2289 3933 2592 3986 Subinteui-

1579 4035 1642 4086 gc
1658 4056 1673 4082 ,
1709 4014 1992 4069 succinum.
2031 4014 2205 4066 Ηιιιυ.
