2975 4684
483 368 621 453 422

1017 371 1090 434 C.
1149 367 1479 436 PLINII
1530 366 1744 434 NAT.

1794 364 2061 431 HIST.

483 498 648 593 que⁹
685 524 828 593 quae
861 496 1152 567 siccandi
1179 521 1378 565 causa
1407 510 1919 590 componuntur,
1952 493 2293 567 oculorum
2333 523 2598 594 quoque

483 600 1032 673 medicamentis¹⁰
1070 603 1447 671 miscentur.

585 710 762 776 LIV.
817 708 1074 775 Eretria
1113 708 1386 777 totidem
1431 707 1835 776 differentias
1876 706 2131 776 Ιιιιίιεῐῖ

2183 706 2487 804 Namque
2531 727 2599 780 et

479 811 624 881 alba
663 828 798 901 est,
825 827 892 880 et
925 815 1179 881 cinerea
1197 838 1399 907 ,quae
1428 814 1823 907 praefertur
1804 838 1874 880 m
1901 784 2243 883 medicina.
2269 816 2599 884 Probatur

477 914 789 1003 mollitie,
846 933 912 986 et
957 917 1136 1012 quod
1193 920 1246 987 si
1295 943 1419 986 aere
1472 918 1897 1012 perducatur,
1954 918 2320 989 violaceum
2380 920 2597 991 reddit

477 1020 808 1091 colorem²
813 1077 826 1090 .
880 1024 1000 1091 Vis
1040 1038 1107 1092 et
1153 1027 1320 1092 ratio
1373 1024 1513 1117 ejus
1570 1027 1637 1091 in
1680 1024 2003 1093 medendo
2045 1024 2222 1095 dicta
2264 1041 2367 1095 est
2426 1028 2599 1096 inter

477 1114 859 1223 pigmenta³.

578 1236 724 1301 LV.
761 1232 1086 1303 Lavatur'
1124 1237 1337 1303 omnis
1365 1248 1542 1303 terra
1570 1228 1677 1323 (in
1704 1234 1835 1303 hoc
1873 1236 2047 1304 enim
2080 1234 2227 1305 loco
2265 1235 2595 1323 dicemus)

476 1338 740 1433 perfusa
777 1363 946 1432 aqua
983 1342 1355 1435 siccataque
1390 1338 1689 1410 solibus·
1718 1341 1957 1410 iterum
1995 1366 2074 1409 ex
2114 1366 2285 1437 aqua
2324 1345 2477 1411 trita
2516 1366 2598 1411 ac

475 1446 801 1538 reposita,
832 1444 1046 1517 donec
1088 1446 1420 1533 considat,
1449 1460 1516 1515 et
1552 1445 1757 1539 digeri
1794 1449 2001 1542 possit
2024 1449 2091 1515 in
2131 1446 2439 1542 pastillos.
2464 1449 2593 1515 Co·

473 1552 697 1643 quitur
731 1550 800 1618 in
838 1550 1168 1646 calycibus
1208 1553 1442 1623 crebro
1475 1551 1843 1623 concussu²
1850 1606 1865 1622 .

579 1657 758 1723 LVI.
801 1660 975 1726 Est
959 1684 1026 1727 m
1063 1659 1607 1728 medicaminibus
1642 1673 1710 1726 et
1742 1658 1917 1729 Chia
1964 1656 2176 1728 terra¹
2210 1659 2595 1729 candicans.

472 1758 752 1830 effectus
795 1762 1088 1854 ejusdem
1111 1814 1128 1847 ,
1162 1766 1272 1858 qui
1304 1766 1557 1832 Samiae.
1604 1765 1783 1833 Usus
1811 1763 1895 1832 ad
1922 1762 2273 1833 mulierum
2316 1766 2601 1833 maxime

475 1881 694 1936 cutem
723 1893 736 1933 :
766 1867 940 1937 idem
968 1883 1036 1938 ct
1060 1868 1395 1938 Selinusiae
1415 1870 1456 1934 ².
1492 1870 1719 1936 Lactei
1744 1868 1982 1937 coloris
2010 1885 2110 1938 est
2139 1870 2317 1953 haec,
2335 1886 2405 1938 et
2430 1894 2598 1963 aqua

476 1970 636 2040 dilui
681 1971 1024 2042 celerrima
1069 2002 1082 2041 :
1133 1973 1493 2065 eademque
1548 1969 1715 2039 lacte
1764 1971 2008 2057 diluta,
2062 1990 2129 2041 et
2171 1976 2599 2043 tectoriorum

559 2181 609 2229 9.
643 2164 1036 2232 Emplastrkque.
1051 2161 1253 2220 Aetius,
1279 2160 1381 2211 loc.
1402 2160 1493 2213 cit.

479 2242 663 2295 Hnm.

511 2307 522 2319 .
569 2342 652 2375 10.
687 2322 947 2375 Oculorum
978 2338 1158 2391 quoque
1185 2320 1498 2371 medicamen-

485 2406 560 2453 tis.
611 2400 845 2453 Marcell.
885 2398 1146 2469 Empiric.
1185 2416 1299 2470 cap.
1344 2416 1456 2451 vnt
1480 2439 1497 2464 ,

484 2500 535 2551 p.
571 2480 662 2532 52.
687 2478 864 2531 Haut).

561 2558 708 2611 LIV.
745 2576 766 2610 1
783 2595 794 2607 .
825 2558 1027 2609 Eretria
1057 2556 1250 2609 totidem
1273 2556 1500 2625 diffiten-

485 2640 576 2688 n'as
607 2634 763 2688 habet.
795 2636 874 2689 De
903 2648 1057 2688 terrm
1082 2636 1300 2689 Eretria
1339 2653 1499 2706 gene·

483 2716 630 2768 ribus
671 2728 827 2785 atque
870 2714 1232 2779 facultatibus,
1277 2713 1499 2768 totidem

483 2794 643 2847 verba
667 2794 850 2847 Diosc.
870 2795 944 2856 V,
977 2812 1107 2864 ¹7¹·
1129 2792 1310 2847 Hun-

568 2894 618 2925 α.
668 2873 941 2925 Violaceum
983 2873 1142 2925 reddit
1179 2873 1398 2925 colorem.
1431 2873 1503 2924 Et

482 2948 628 3023 quod
653 2952 697 3004 si
725 2953 780 3004 in
807 2971 910 3005 are
929 2952 1069 3005 linea
1095 2950 1321 3005 ducatur
1348 2970 1410 3004 ex
1440 2968 1501 3003 ea

483 3043 620 3083 terra
635 3069 652 3095 ,
689 3032 909 3084 violacei
945 3030 1137 3084 coloris
1165 3048 1224 3084 ea
1255 3032 1394 3084 linea
1419 3031 1499 3083 fit.

484 3110 660 3163 Diosc.
687 3110 786 3162 loc.
815 3110 903 3163 cit.
927 3102 1110 3181 Ᾰρίστη
1151 3106 1213 3163 δὲ
1231 3112 1440 3181 ὑπάρχει
1465 3113 1499 3165 ἦ

482 3192 545 3255 τῇ
567 3190 688 3259 χρόᾳ
707 3184 1129 3254 σποὸίζουσα,καὶ
1149 3192 1346 3260 μαλακὴ
1373 3191 1498 3259 ἄγαν

485 3268 602 3338 πρός
622 3288 676 3320 τε
703 3271 1018 3339 χαλκώματα
1039 3270 1320 3323 {Maeotica
1341 3288 1503 3341 γραμ-

483 3348 576 3417 μὴν
605 3343 728 3403 {asch
755 3348 1112 3419 ἀποφερομίνη.
1141 3374 1163 3395 ι
1179 3348 1398 3420 Optima
1417 3366 1502 3401 ve-

481 3446 543 3479 ro
571 3426 798 3479 habetur
838 3426 904 3479 ad
949 3428 1217 3480 cinereum
1268 3428 1499 3481 colorem

480 3523 727 3575 vergens,
756 3517 809 3558 et
835 3524 1090 3577 perquam
1132 3506 1333 3559 mollis:
1356 3524 1499 3577 qute-

481 3602 586 3655 que
617 3585 660 3637 si
705 3604 800 3655 per
835 3598 1112 3638 aramenta
1145 3586 1354 3638 tractim
1397 3582 1499 3635 du-

480 3677 653 3728 catur,
675 3665 922 3734 aeruginei
943 3684 1036 3717 seu
1060 3664 1278 3717 violacei
1305 3661 1498 3715 coloris

475 3743 666 3795 lineam
698 3744 875 3796 efficit.
897 3770 920 3791 ι
955 3745 1134 3795 Ηιιιι).

557 3822 610 3874 3.
641 3822 791 3874 I)1'cta
827 3836 896 3875 ese
924 3827 1046 3873 inter
1067 3824 1328 3891 pigmenta.
1365 3818 1492 3889 Cap.

477 3920 503 3951 2
519 3920 539 3953 1
553 3941 566 3953 .
599 3900 776 3953 Hun.

551 3978 665 4031 LV.
699 3996 748 4030 ῐ.
783 3980 997 4031 Lavatur
1031 3981 1178 4029 omnis
1210 3989 1352 4029 terra.
1377 3975 1504 4030 Haec

1585 2158 1801 2213 totidem
1830 2162 2005 2213 verbis
2031 2162 2209 2215 Diosc.
2232 2162 2335 2215 loc.
2360 2163 2605 2233 proxime

1584 2240 1670 2292 cit.
1698 2239 1879 2293 Hmn.

1668 2338 1697 2371 2
1707 2318 1965 2391 ‚coquitur
1981 2322 2032 2371 in
2054 2320 2293 2391 calycibus
2309 2320 2473 2373 ‹tr-ebro
2492 2340 2603 2373 con-

1586 2418 1740 2450 cussu.
1761 2398 1936 2452 Diosc.
1963 2400 2072 2452 loc.
2102 2400 2190 2453 cit.
2208 2401 2371 2471 coqui
2394 2401 2449 2452 in
2472 2400 2607 2453 ficti„

1582 2476 1723 2531 libus
1742 2477 2023 2548 perforatis
2030 2479 2183 2549 jubet
2199 2519 2214 2544 ,
2228 2498 2321 2533 ore
2339 2482 2605 2543 obturato,

1586 2554 1809 2610 subditis
1838 2557 2052 2629 prunis,
2083 2573 2201 2628 qun
2234 2557 2447 2609 follibus
2472 2576 2603 2609 con-

1587 2636 1815 2689 tinenter
1840 2636 2151 2707 pei-flentur.
2176 2634 2385 2689 Oribas.
2414 2634 2601 2689 simili-

1586 2728 1667 2769 ter
1684 2751 1701 2778 ,
1722 2714 1817 2768 lib.
1848 2716 2011 2781 xm,
2036 2734 2152 2785 cap.
2182 2713 2313 2768 225.
2336 2716 2601 2768 Ham——

1586 2795 1649 2849 In
1673 2794 1913 2865 cabreibus
1942 2794 2371 2847 coebm'concmsu.
2396 2795 2601 2847 Broter.

1588 2892 1651 2926 ex
1678 2873 1842 2944 Regg.
1862 2873 2021 2927 codd.
2050 2892 2105 2937 ο,
2135 2873 2187 2938 3,
2210 2887 2264 2927 et
2282 2872 2410 2927 edit.
2430 2874 2604 2944 princ.

1588 2956 1640 3005 s'n
1660 2953 1899 3024 οαζγσίὖω
1928 2954 2092 3006 crebro
2112 2957 2369 3006 commis.
2398 2953 2501 3005 En.

1667 3032 1813 3084 LVI.
1849 3051 1872 3086 1
1886 3070 1897 3083 .
1938 3032 2065 3087 Chia
2094 3045 2237 3085 terra.
2271 3026 2606 3084 Dioscorides

1587 3108 1655 3163 ad
1670 3112 1909 3178 verbum,
1920 3113 1992 3176 V,
2015 3132 2038 3166 1
2050 3112 2118 3181 73
2136 3130 2152 3175 3
2168 3110 2320 3163 Orib.
2338 3110 2431 3163 lib.
2450 3110 2607 3170 xm,

1588 3207 1707 3260 pag.
1744 3194 1891 3255 2263
1928 3191 2161 3245 Galenus
2187 3190 2255 3242 de
2278 3190 2397 3242 Fac.
2425 3188 2603 3257 simpl.

1588 3267 1728 3321 med.
1760 3267 1850 3321 lib.
1880 3270 1987 3331 lx,
2020 3288 2137 3340 pag.
2166 3276 2297 3337 ²⁴9·
2325 3268 2505 3321 Hnn.
2524 3296 2603 3309 —

1589 3348 1839 3416 Ejusdem
1865 3348 2033 3401 Grou.
2059 3362 2111 3401 et
2141 3348 2225 3400 Al.
2254 3350 2371 3417 ejus.
2400 3348 2508 3399 En.

1674 3446 1722 3479 a.
1754 3426 1883 3479 Idem
1908 3440 1954 3478 et
1980 3426 2247 3480 Selinuse‘oe.
2272 3420 2606 3478 Dioscorides

1589 3504 1811 3558 totidem
1838 3507 2045 3572 verbis,
2069 3507 2141 3570 V,
2174 3506 2311 3576 1753
2344 3502 2605 3567 Galenus,

1588 3583 1893 3645 Oribasius,
1913 3585 1970 3640 ll.
1994 3604 2073 3639 cc.
2098 3584 2423 3637 Aselinunte
2440 3598 2606 3649 porro

1587 3660 1779 3715 Siciliae
1798 3664 2003 3735 oppido
2020 3662 2259 3717 creditur
2274 3660 2386 3712 haec
2406 3676 2607 3711 nomen

1584 3742 1861 3797 invenisse.
1886 3742 2069 3797 nmo.
2090 3739 2283 3792 —Hie
2308 3736 2377 3790 de
2404 3738 2609 3789 Siciliae

1585 3820 1801 3890 quidem
1840 3821 2046 3892 oppido
2082 3820 2167 3889 agi
2200 3816 2445 3882 videtur;
2496 3816 2611 3869 alin

1588 3916 1715 3953 vero
1743 3902 1891 3954 suere
1917 3900 2213 3954 Selinuntes
2240 3898 2295 3951 in
2334 3895 2619 3951 Marmari-

1591 3996 1650 4031 ca
1689 3992 1741 4033 et
1772 3979 1979 4035 Cilicia.
2008 3978 2109 4031 En.
