2975 4684
1015 375 1324 464 LIBER
1377 373 1791 446 xxxvn.

2310 373 2483 449 685‘

304 507 646 580 frontalia
654 493 706 598 ⁶,
744 519 942 604 atque
986 532 1110 603 pro
1155 504 1440 602 phaleris
1483 503 1759 601 pensilia
1806 503 2119 576 facerent.
2170 508 2257 576 Et
2302 505 2461 588 alias
2501 523 2529 557 ²

304 639 572 685 omnes
603 639 878 711 gemmae
901 612 1108 683 mellis
1131 611 1406 682 decoctu
1433 614 1795 694 nitescunt,
1825 613 2154 706 praecipue
2172 614 2460 684 Corsici:

307 722 396 790 in
413 723 610 790 omni
634 720 762 791 alio
791 745 912 791 usu
939 720 1364 790 acrimoniam
1391 717 1869 787 abhorrentes⁷.
1886 719 2053 807 Quae
2066 719 2265 787 variae
2286 734 2464 802 sunt,

308 839 394 895 et
417 826 512 895 ad
534 829 895 932 novitatem
917 825 1229 894 accedere
1245 822 1642 894 calliditate
1625 825 2033 953 ingeniorum
2058 825 2361 921 contigit,
2386 841 2463 895 ut

309 925 585 1002 nomen
631 935 942 1008 usitatum
989 955 1124 1000 non
1175 931 1494 1014 habeant,
1540 914 1824 1024 physes⁸
1860 929 2233 1024 appellant,
2278 929 2465 1002 velut

309 1038 538 1132 ipsius
569 1053 822 1108 naturae
859 1037 1356 1106 admirationem
1400 1040 1466 1106 in
1502 1037 1579 1106 iis
1602 1034 2049 1124 venditantes,
2070 1060 2275 1130 quum
2312 1037 2461 1107 finis

311 1145 680 1213 nominum
717 1169 854 1214 non
893 1144 1016 1228 sit,
1045 1167 1188 1237 quae
1224 1143 1530 1237 persequi
1558 1166 1695 1211 non
1736 1141 2039 1236 equidem
2068 1143 2459 1238 cogit0,·in-

313 1265 612 1318 numera
658 1274 740 1318 ex
782 1251 1016 1318 Graeca
1065 1249 1352 1318 vanitate
1411 1247 1713 1318 conficta.
1761 1245 2076 1317 Indicatis
2130 1247 2457 1318 nobilibus

318 1356 615 1449 gemmis
636 1407 656 1438 ,
701 1355 896 1424 etiam
941 1352 1210 1448 plebeiis
1251 1356 1571 1424 rariorum
1616 1377 1930 1450 generum
1951 1407 1969 1440 ‚
2005 1353 2185 1423 dictu
2226 1353 2459 1450 dignas

319 1459 704 1529 distinxisse
761 1461 916 1530 satis
965 1473 1126 1528 erat.
1177 1457 1350 1528 Illud
1400 1459 1603 1530 modo
1644 1461 2021 1530 meminisse
2078 1463 2459 1547 conveniet,

319 1565 852 1635 increscentibus
911 1567 1090 1634 varie
1143 1564 1416 1640 maculis
1467 1589 1547 1634 ac
1607 1567 1899 1636 verrucis
1927 1617 1947 1650 ‚
2006 1563 2458 1660 linearumque

324 1671 814 1742 interveniente
865 1668 1214 1765 multiplici
1258 1670 1462 1742 ductu
1508 1685 1576 1740 et
1617 1669 1879 1756 colore,
1922 1685 2176 1740 mutata
2219 1673 2457 1767 saepius

323 1778 604 1846 nomina
637 1779 707 1846 in
746 1776 972 1846 eadem
1011 1775 1396 1871 plerumque
1427 1778 1719 1846 materia.

437 1885 723 1952 LXXV.
760 1884 960 1954 Nunc
985 1885 1426 1952 communiter
1444 1883 1531 1968 ad
1565 1881 1859 1953 omnium
1892 1905 2308 1978 gemmarum
2343 1883 2457 1952 ob-
2498 1905 2518 1940 ι

326 1991 768 2058 servationem
804 1990 1198 2081 pertinentia
1225 1988 1551 2074 dicemus»,
1584 1989 1927 2083 opiniones
1952 1991 2214 2082 sequuti
2237 2003 2457 2059 aucto-

325 2118 500 2163 rum.
543 2098 742 2165 Cavae
784 2107 900 2162 aut
935 2091 1400 2164 extuberantes
1433 2093 1697 2162 viliores
1735 2093 2046 2162 videntur
2078 2092 2455 2188 aequalibus.

325 2201 570 2293 Figura
622 2197 906 2294 oblonga
957 2202 1242 2269 maxime
1294 2199 1671 2296 probatur·
1711 2197 1946 2268 deinde
1989 2223 2134 2293 quae
2176 2215 2457 2271 vocatur

331 2301 712 2372 lenticula':
749 2317 978 2397 postea
1009 2303 1334 2396 cycloides
1374 2319 1442 2373 et
1477 2302 1831 2374 rotunda²:
1871 2302 2203 2399 angulosis
2226 2321 2453 2377 autem

333 2410 606 2478 minima
644 2410 874 2502 gratia.
931 2409 1142 2485 Veras
1183 2432 1223 2475 a
1263 2394 1478 2478 falsis³
1536 2408 1947 2480 discernendi
1990 2433 2227 2505 magna
2272 2411 2453 2482 diffi-

336 2513 598 2585 cultas:
645 2515 888 2609 quippe
927 2537 1132 2608 quum
1187 2514 1531 2582 inventum
1592 2517 1707 2600 sit,
1748 2539 1827 2584 ex
1867 2517 2040 2585 veris
2074 2518 2349 2610 gemmis
2386 2520 2454 2588 in

335 2618 600 2692 alterius
618 2607 644 2653 ⁴

417 2806 470 2856 6.
507 2801 780 2854 antelia.
821 2799 1148 2855 ornamenta
1183 2819 1350 2872 equo-

341 2899 456 2934 rum
509 2879 706 2944 fmnti,
750 2881 860 2934 eive
903 2880 1348 2948 elephantorum,

341 2960 546 3033 imponi
581 2959 748 3014 solite.
796 2958 1044 3012 Occurrit
1071 2977 1174 3013 vox
1200 2978 1260 3013 ea
1296 2971 1348 3012 et

343 3039 480 3112 apud
497 3039 726 3094 Livium.
749 3040 817 3092 In
849 3039 1002 3092 MSS.
1032 3041 1162 3109 Reg.
1189 3037 1346 3092 colb.

343 3131 395 3174 et
418 3121 549 3174 Fux.
585 3119 698 3174 heo
733 3119 978 3184 brevius,
1029 3145 1053 3167 ι
1089 3131 1148 3172 nt
1197 3119 1349 3190 equis

345 3218 522 3272 regum
565 3198 620 3250 in
667 3199 886 3252 Oriente
929 3199 1172 3269 phalerae
1209 3199 1348 3252 face-

344 3292 470 3336 rent.
501 3305 525 3328 ·
555 3277 691 3332 Sunt
717 3290 892 3332 eutem
915 3277 1144 3348 phalera
1159 3313 1177 3343 ,
1201 3295 1346 3350 qna-

343 3358 418 3414 vis
432 3375 690 3431 equorum
719 3369 1048 3411 ornamenta.
1085 3357 1266 3412 Hnn.

419 3457 467 3510 7.
517 3438 846 3490 Acra‘moniam
890 3436 1210 3488 αὐΙιοι-ηηιω.
1257 3437 1348 3490 Sic

348 3517 485 3573 MSS.
511 3535 711 3570 omnen.
731 3513 904 3574 Editi,
925 3521 1116 3570 aeriam
1139 3519 1348 3570 cerimo-

350 3599 479 3651 ιὶαι.
508 3598 699 3650 Helio.

421 3677 470 3730 8.
493 3676 693 3747 Phym.
725 3675 898 3738 Φὺσιις
918 3713 936 3742 ,
961 3687 1176 3730 naturas
1190 3713 1206 3739 ,
1253 3694 1348 3730 neu

350 3766 532 3808 natura
559 3773 738 3828 opera.
767 3753 952 3808 Hun-

419 3833 630 3889 LXXV.
663 3853 712 3890 r.
733 3835 1000 3888 Lenticula.
1031 3834 1122 3887 An
1149 3851 1180 3886 a
1197 3833 1346 3887 simi-

352 3911 560 3968 litudine
577 3913 732 3970 lentie
756 3913 960 3985 eliqua,
981 3931 1048 3967 an
1075 3913 1144 3967 ab
1173 3913 1346 3966 affini·

355 4002 444 4047 tate
482 4009 604 4047 eum
653 3993 788 4048 vasi·
837 4009 1035 4064 genere
1081 3991 1310 4064 queckin
1329 4031 1348 4057 ,

697 2621 956 2717 generis
1011 2617 1208 2690 falsas
1265 2616 1632 2688 traducere.
1673 2617 2130 2713 Sardonyches
2176 2648 2213 2692 e
2254 2625 2455 2694 ternis
2492 2665 2521 2699 α

1433 2797 1579 2871 quod
1606 2810 1660 2852 et
1695 2797 1947 2852 lenticula
1980 2800 2297 2870 appellatur,
2322 2823 2353 2858 a
2387 2803 2453 2858 fi·

1431 2897 1565 2951 gnra
1590 2877 1782 2932 lentis?
1808 2877 1987 2931 Banu.

1518 2979 1571 3012 a.
1616 2959 1795 3012 Postea
1842 2955 2083 3030 cqpee'dos
2129 2968 2179 3009 ee
2224 2961 2453 3016 rotunda.

1433 3038 1672 3092 Tur-neb.
1698 3035 1969 3100 emendat,
2020 3037 2259 3108 epipedos.
2304 3029 2451 3094 Con-

1433 3121 1693 3172 stantinus
1714 3133 1842 3172 vero
1859 3117 1985 3192 legit
2003 3117 2292 3181 κυκλώπιος.
2310 3119 2453 3175 Vide

1434 3198 1532 3251 lib.
1563 3199 1620 3263 1,
1669 3214 1789 3267 cap.
1834 3215 1899 3250 ιιι
1942 3195 2222 3252 Adversar.
2268 3201 2451 3272 Lego,

1431 3276 1589 3350 σζγρεί
1628 3278 1767 3330 modo
1793 3276 2018 3330 rotunda.
2047 3277 2184 3342 Alii,
2216 3278 2451 3351 οζγροοεὶ-

1429 3357 1531 3412 des.
1558 3358 1694 3410 Du..
1729 3387 1807 3399 -
1837 3355 2104 3429 Cycloc’des.
2133 3356 2290 3412 Prius
2312 3359 2454 3430 lege·

1437 3436 1597 3492 betur
1618 3436 1859 3508 clypae'dos
1874 3477 1891 3500 ‚
1924 3448 2187 3507 tamquam
2217 3455 2247 3490 a
2268 3437 2452 3490 simili-

1433 3515 1622 3570 tudine
1646 3515 1839 3588 clypei.
1866 3517 1937 3568 At
1958 3515 2205 3586 displicet
2222 3515 2453 3588 hybrida

1433 3614 1557 3651 vox.
1596 3589 1897 3656 Κυκλοιιδὴς
1938 3594 2105 3665 magis
2146 3595 2333 3648 arrisit.
2384 3597 2451 3650 In

1433 3675 1587 3730 MSS.
1610 3674 1859 3728 omnibus
1874 3711 1891 3739 ,
1910 3672 2120 3726 ellados.
2146 3673 2329 3728 Hnn.

1481 3765 1495 3776 '
1515 3755 1571 3810 3.
1602 3754 1759 3807 Ver-as
1791 3771 1823 3804 a
1846 3753 2014 3821 salsis.
2058 3751 2183 3806 Hoc
2226 3751 2450 3809 totidem

1431 3835 1609 3889 verbis
1636 3830 1905 3896 Isidorus,
1952 3831 2099 3902 Orig.
2146 3831 2239 3886 lib.
2280 3833 2415 3888 xvl
2433 3872 2450 3898 ,

1432 3931 1551 3986 cap.
1586 3919 1675 3978 14.
1704 3909 1889 3966 Hau).

1517 3999 1571 4056 4.
1592 3991 1675 4046 Ex
1703 3994 1829 4044 veria
1843 3995 2041 4062 ‘nmis
2060 3993 2111 4044 in
2136 3991 2351 4065 σὰν-ἕῳ.
2374 3993 2451 4048 Ut
