2975 4684
1008 397 1317 464 LIBER
1368 397 1776 464 XXXVII.

2316 396 2444 466 581

348 529 519 598 idem
558 533 965 598 Xenocrates
999 527 1199 598 tradit
1220 581 1237 614 ,
1290 527 1694 596 torrentibus
1728 551 1900 622 saepe
1931 527 2281 623 deportari.
2330 532 2451 600 Su-

346 627 529 704 dines
580 661 743 704 vero
798 648 997 728 negat
1016 687 1033 720 ,
1072 633 1193 702 nisi
1257 633 1338 702 ad
1397 632 1732 702 meridiem
1785 633 2256 726 spectantibus.
2292 632 2454 706 locis

346 742 525 808 nasci
558 765 573 808 ε
610 739 787 844 quod
824 756 1077 810 certum
1113 754 1213 809 est
1245 765 1261 805 ε
1296 763 1432 806 non
1474 739 1648 806 enim
1691 740 2016 832 reperitur
2055 741 2123 808 in
2159 744 2453 834 aquosis,

345 869 716 942 quanquam
772 847 839 914 in
894 848 1160 942 regione
1212 843 1590 940 praegelida,
1651 842 1755 912 vel
1801 845 1853 913 si
1906 844 1990 913 ad
2031 844 2198 914 vada
2247 871 2454 940 usque

348 950 713 1046 glacientur
746 976 989 1021 amnes.
1029 949 1283 1021 Caelesti
1320 950 1631 1037 humore,
1667 973 1998 1043 parvaque
2033 951 2182 1019 nive
2214 950 2286 1020 id
2313 951 2454 1020 fieri

346 1081 609 1127 necesse
631 1071 730 1127 est
748 1043 827 1126 ¹⁶:
870 1057 1021 1127 ideo
1043 1055 1275 1126 caloris
1298 1057 1680 1150 impatiens,
1707 1079 1842 1124 non
1871 1055 1992 1124 nisi
2016 1054 2253 1148 frigido
2269 1060 2456 1150 potui

344 1162 686 1231 addicitur.
724 1164 951 1252 Quare
985 1160 1351 1254 sexangulis
1388 1175 1698 1230 nascatur
1723 1159 2065 1246 lateribus,
2097 1185 2232 1229 non
2267 1161 2457 1231 facile

346 1269 514 1337 ratio
531 1267 578 1307 ¹⁷
596 1269 875 1336 inveniri
901 1281 1156 1362 potest:
1189 1291 1269 1335 eo
1300 1269 1510 1360 magis
1531 1252 1578 1290 ¹⁸
1599 1264 1775 1360 quod
1795 1289 2005 1358 neque
2033 1267 2457 1337 mucronibus

344 1371 571 1442 eadem
608 1375 857 1466 species
891 1387 1021 1458 est,
1058 1385 1124 1440 et
1160 1371 1250 1439 ita
1286 1370 1623 1440 absolutus
1662 1383 1762 1438 est
1797 1369 2073 1440 laterum
2118 1368 2342 1458 laevor,
2383 1388 2460 1440 ut

346 1476 529 1545 nulla
566 1477 633 1544 id
673 1493 813 1546 arte
849 1477 1055 1571 possit
1090 1477 1351 1568 aequari.

448 1585 535 1650 X.
575 1580 999 1676 Magnitudo¹
1016 1580 1411 1674 amplissima
1438 1581 1656 1650 adhuc
1677 1581 1814 1650 visa
1835 1578 2028 1648 nobis
2055 1594 2231 1668 erat,
2255 1605 2452 1675 quam
2495 1618 2518 1653 ι

347 1687 416 1755 in
452 1685 779 1780 Capitolio
828 1688 1013 1755 Livia
1048 1683 1381 1780 Augusta²
1418 1685 1790 1774 dicaverat,
1828 1683 2144 1754 librarum
2199 1687 2459 1756 circiter

346 1873 593 1928 invitatus
616 1876 887 1945 processit,
906 1889 961 1931 et
974 1880 1173 1950 reperit
1192 1881 1358 1933 maxi·

347 1971 485 2006 mam
525 1955 740 2025 optimas
779 1958 1009 2027 crystalli
1056 1959 1193 2024 vim,
1234 1977 1357 2030 quo

342 2032 552 2085 Parisiis
591 2033 771 2086 veniit.
795 2035 921 2088 Vidi
948 2036 1089 2088 illius
1125 2037 1355 2107 crystalli

344 2111 622 2180 particulas
645 2131 751 2165 nou
777 2113 845 2166 ita
872 2132 1060 2183 puras,
1082 2115 1135 2168 in
1160 2117 1355 2187 quibus

346 2190 531 2260 paleo.
556 2205 607 2244 ct
634 2192 824 2257 musci,
850 2193 1055 2266 aliaque
1074 2193 1131 2246 id
1162 2212 1357 2263 genus,

342 2270 817 2340 conspiciebantur.
852 2273 1018 2326 Bam.

432 2349 515 2400 16.
544 2348 740 2401 Coelesu·
756 2347 962 2412 Ιιιιιηοὶτ,
984 2371 1228 2424 parvaque
1252 2355 1357 2402 nive

346 2425 524 2494 idfierae'
540 2445 721 2480 necesse
732 2442 821 2482 ese.
840 2429 1071 2500 Legend.
1102 2456 1123 2476 ι
1152 2429 1359 2483 Coelesti

344 2503 567 2558 humore
580 2543 595 2570 ‚
614 2525 885 2578 parvaque
900 2509 1023 2561 nive
1045 2507 1098 2560 id
1122 2508 1239 2562 fieri
1264 2526 1357 2561 ne-

346 2602 487 2638 cesse
529 2597 631 2646 est.
672 2585 794 2640 ideo
825 2589 1016 2642 caloris
1045 2588 1358 2660 impatiens,

344 2681 455 2715 non
492 2663 592 2716 nisi
640 2664 832 2736 frigido
873 2668 1025 2738 potui
1072 2665 1297 2720 dicatur.
1328 2691 1352 2714 ι

348 2741 514 2797 Sum.
538 2745 733 2796 ——Non
752 2750 847 2798 nisi
853 2747 1049 2816 frigido
1061 2752 1202 2815 potui
1216 2745 1361 2798 adds·-

347 2823 485 2874 cae‘mr.
526 2821 673 2874 Libri
714 2823 963 2877 hactenus
1000 2824 1223 2894 vulgati,
1266 2827 1361 2876 nisi

342 2899 531 2968 [riguo
582 2905 725 2968 potui
774 2903 1045 2956 abdicatur.
1090 2905 1159 2955 At
1209 2903 1369 2956 MSS.

350 2979 473 3048 neg.
500 3001 529 3032 ι
547 3019 562 3043 ,
584 2979 739 3034 Colb.
773 2981 803 3034 3
818 3020 835 3046 ,
858 2983 1077 3054 aliique,
1108 2995 1166 3036 ut
1190 2980 1363 3036 edidi-

349 3075 485 3111 mus.
514 3057 744 3129 Adiuvat
778 3074 831 3114 et
862 3061 1103 3125 Solinus,
1128 3081 1245 3132 cap.
1270 3081 1360 3128 xv,

348 3155 467 3207 pag.
501 3137 575 3192 36
592 3177 607 3204 ,
626 3136 693 3190 de
713 3141 995 3209 crystallo:
1027 3167 1049 3190 ι
1070 3141 1269 3194 Multus
1292 3139 1362 3195 ad

350 3217 539 3285 pocula
568 3216 877 3282 destinatur,
908 3221 1197 3290 quamlibet
1224 3221 1361 3274 nihil

345 3294 494 3349 aliud
524 3315 681 3368 quam
706 3296 957 3367 frigidum
984 3299 1096 3369 pati
1113 3301 1294 3370 possit.
1326 3325 1350 3348 ι

346 3375 416 3429 Η.
442 3405 520 3417 -
547 3377 742 3430 Caelesti
768 3378 957 3430 hamore
971 3397 1215 3450 parvaque
1236 3383 1357 3433 nive.

348 3454 459 3508 Nos
508 3457 724 3510 meliora
776 3455 845 3510 de
888 3458 1089 3528 origine
1134 3457 1363 3528 crystalli

346 3531 573 3588 docuere
594 3547 803 3608 tempus
821 3550 875 3590 et
894 3535 1237 3607 experientia.
1261 3539 1360 3590 132.

434 3630 521 3682 17.
564 3615 679 3668 Non
711 3617 866 3682 facile
906 3619 1050 3668 meib.
1090 3617 1366 3687 Assignare

348 3701 521 3743 tamen
542 3693 813 3748 Cardauus
832 3707 905 3748 est
922 3713 1095 3752 ausus.
1115 3713 1270 3766 quem
1288 3697 1360 3750 ob

352 3783 465 3820 eam
486 3787 597 3824 rem
625 3774 857 3846 Scaliger
888 3774 1113 3846 exagitat
1130 3813 1147 3839 ‚
1174 3775 1360 3828 Exere.

360 3865 382 3900 ι
400 3849 487 3901 18.
514 3846 689 3904 Esau.

440 3929 529 3982 us.
575 3927 652 3982 Eo
680 3935 847 4002 magis.
886 3933 1205 3986 Muci-ouum
1244 3933 1360 4004 qui-

352 4003 473 4058 dem
502 4027 779 4066 numerum
809 4025 979 4066 servat
1014 4025 1197 4066 natura
1242 4011 1363 4066 dili·

1438 1893 1624 1951 genter
1651 1899 1667 1930 z
1697 1878 1954 1950 speciem.
1977 1879 2090 1933 sive
2115 1879 2368 1942 formam,
2397 1894 2457 1928 ac

1438 1957 1869 2020 similitudinem,
1913 1977 2024 2013 uon
2074 1959 2222 2011 item.
2280 1955 2452 2008 Nicol.

1439 2039 1714 2104 Cnounn,
1735 2037 1855 2090 hist.
1879 2037 2074 2108 Delpb.
2097 2037 2190 2089 lib.
2213 2036 2260 2098 1,
2285 2054 2340 2105 p.
2361 2053 2456 2103 72,

1438 2129 1622 2168 auctor
1659 2129 1770 2180 est,
1813 2116 1868 2168 in
1911 2116 2180 2168 montibus
2208 2111 2453 2166 Ebu-odu-

1435 2195 1709 2259 ueusibus,
1729 2195 2114 2266 Diensibusque
2127 2229 2144 2254 ,
2165 2194 2222 2246 iu
2243 2189 2456 2262 Delphi·

1436 2287 1586 2338 natu,
1602 2275 1902 2346 crystallum
1921 2269 2242 2346 ejuscemodi
2269 2271 2456 2324 crebro

1438 2353 1736 2425 passimque
1757 2353 1998 2425 reperiri.
2019 2353 2088 2406 Η.
2108 2383 2188 2394 -—
2203 2351 2284 2402 Eo
2303 2352 2457 2418 magis

1439 2432 1572 2502 quod
1585 2451 1732 2502 neque
1758 2433 2056 2484 mucronibus
2080 2430 2242 2482 eadem
2262 2431 2454 2499 species.

1442 2509 1506 2561 Id
1545 2510 1776 2562 nascitur
1814 2511 1894 2562 vel
1927 2528 1992 2562 ex
2026 2510 2245 2572 salibus,
2280 2509 2365 2560 vel
2392 2525 2455 2562 ex

1443 2588 1666 2640 metallis
1706 2607 1824 2657 quo
1854 2587 2226 2641 determinatas
2265 2586 2461 2640 habeut

1441 2685 1558 2719 suas
1579 2665 1790 2736 figuras,
1811 2667 1978 2718 immo
1999 2680 2051 2719 et
2071 2680 2263 2737 praeter
2285 2665 2462 2718 varios

1442 2745 1646 2798 colores
1661 2780 1679 2806 ‚
1721 2745 1814 2816 qui
1853 2763 1916 2798 ex
1957 2743 2176 2797 diversis
2210 2745 2458 2798 oriuntur

1442 2823 1686 2878 mixturis
1699 2861 1714 2888 ‚
1737 2826 1869 2876 inest
1885 2841 2098 2893 quoque
2118 2823 2336 2892 singulis
2355 2841 2462 2875 me-

1443 2903 1579 2956 tallis
1617 2904 1673 2956 in
1723 2901 2136 2955 minutissimum
2183 2900 2459 2970 pulverem

1442 2982 1684 3044 redactis,
1706 2981 1954 3054 proprius
1971 2997 2094 3032 suus
2105 2979 2258 3031 color
2273 2995 2288 3030 ε
2303 2997 2458 3040 auro,

1442 3063 1625 3125 ruber,
1666 3063 1710 3114 le
1744 3078 1926 3130 roaga,-
1965 3057 2219 3130 plumbo,
2245 3057 2461 3131 hyacin-

1443 3140 1656 3204 thinus,
1693 3141 1946 3210 Ιόνωςές
1973 3149 2216 3208 argento,
2261 3137 2458 3200 flavus,

1444 3219 1674 3290 cescum,-
1696 3219 1787 3273 teri
1805 3259 1820 3282 ‚
1841 3216 2049 3281 viridis,
2068 3218 2114 3269 le
2132 3229 2269 3279 vert,-
2297 3218 2459 3279 ferro,

1440 3299 1712 3357 ceruleus,
1736 3296 1782 3350 le'
1797 3299 1928 3364 bleu,
1942 3310 2044 3352 etc.
2060 3295 2222 3362 Quod
2245 3298 2302 3350 in
2319 3295 2460 3365 regia

1444 3379 1686 3431 societate
1727 3376 2052 3430 Londinensi
2085 3376 2264 3429 multis
2303 3391 2458 3443 expe-

1444 3457 1683 3511 rimentis
1707 3455 1894 3510 docuit
1920 3456 2001 3510 Cl.
2041 3455 2258 3508 Hussnr
2285 3455 2462 3506 Dam-

1444 3553 1570 3588 vu..
1599 3537 1764 3590 Βιοτ.
1793 3569 1869 3580 -
1893 3533 2222 3589 Muci-onibus.
2254 3533 2459 3583 Broter.

1443 3632 1728 3684 operarum
1757 3634 1962 3677 errore,
1993 3613 2242 3666 numnis.
2273 3607 2380 3661 En.

1527 3695 1594 3747 X.
1629 3716 1674 3748 1.
1695 3693 2004 3765 Magnitueh.
2026 3691 2238 3744 Solinus
2260 3688 2375 3741 hoc
2395 3687 2464 3740 ad

1447 3773 1669 3826 verbum
1699 3772 1998 3844 exscripsit,
2047 3787 2164 3840 cap.
2195 3786 2264 3821 xv
2283 3803 2300 3829 .
2341 3785 2461 3838 pag.

1451 3852 1547 3906 36.
1577 3851 1754 3908 Hum-
1805 3915 1810 3922 Ι

1532 3950 1583 3985 2.
1614 3934 1752 3986 Livia
1786 3933 2028 4000 Augusta.
2058 3926 2145 3981 Sic
2169 3926 2328 3978 etiam
2368 3925 2467 3978 So-

1450 4012 1606 4066 linus.
1641 4013 1709 4064 At
1737 4011 1888 4064 MSS.
1921 4009 2074 4060 Dic-us
2101 4007 2366 4076 Augustus.
2397 4004 2462 4058 n.

2057 4099 2182 4195 37³
