2975 4684
1001 367 1301 436 LIBER
1374 363 1766 436 xxxvn
2299 367 2439 467 607

328 501 553 590 thiei²‚
593 501 679 571 ab
714 526 795 572 ea
832 513 1061 632 gente,
1098 501 1165 568 in
1200 523 1329 594 qua
1362 501 1806 594 reperiuntur,
1848 499 2176 595 appellati.
2230 503 2446 576 Nullis

330 609 541 703 major
579 592 984 694 austeritas&
1022 631 1147 676 nec
1186 608 1403 674 minus
1430 607 1593 674 vitii.
1646 609 1734 675 Et
1764 622 2086 699 quantum
2119 612 2446 705 smaragdi

330 739 369 785 a
404 717 680 809 gemmis
716 714 999 800 distant,
1044 726 1306 782 tantum
1327 711 1643 848 Scythici
1691 737 1730 780 a
1765 715 2012 782 caeteris
2058 718 2443 812 smaragdis.

331 822 705 890 Proximam
750 819 1011 892 laudem
1062 805 1352 888 habent⁴
1354 867 1374 900 ,
1431 819 1602 886 sicut
1645 832 1713 886 et
1760 817 2023 905 sedem,
2077 777 2451 892 Bactrioani·
2431 853 2451 910 ς

326 951 495 1021 quos
536 927 605 995 in
638 926 1083 996 commissuris
1118 909 1468 993 saxorum⁵
1513 922 1848 1052 colligere6
1862 923 2171 994 dicuntur
2212 931 2447 999 Etesiis

330 1032 655 1102 flantibus.
708 1035 897 1101 Tunc
943 1034 1117 1100 enim
1154 1028 1387 1098 tellure
1430 1015 1870 1113 internitent⁶²
1927 1032 2080 1123 quia
2111 1034 2188 1100 iis
2236 1038 2450 1106 ventis

332 1140 615 1208 maxime
642 1161 857 1208 arenae
884 1149 1254 1206 moventur.
1290 1133 1415 1204 Sed
1438 1135 1564 1204 hos
1593 1137 1879 1204 minores
1895 1135 2106 1204 multo
2131 1139 2454 1232 Scythicis

418 1327 445 1359 ει
456 1347 469 1359 .
490 1308 788 1361 Νοόἱὶιὶςείηιὶ
802 1307 1028 1378 Scythici.
1042 1305 1257 1359 Garoias
1274 1306 1343 1358 ab

332 1385 504 1439 Horto
566 1387 750 1438 locum
808 1386 919 1456 ejus
980 1385 1208 1438 natalem
1260 1385 1350 1435 vix

334 1465 579 1535 cognosci
618 1463 805 1525 tradit,
848 1463 1009 1516 nullis
1048 1463 1351 1533 fragmentis

332 1545 730 1596 remanentibus
742 1581 759 1608 ,
785 1544 1033 1614 quoniam
1052 1560 1113 1594 ea
1132 1555 1353 1614 propter

333 1622 601 1675 raritatem
629 1634 948 1675 mercatores
979 1623 1231 1674 auferant.
1248 1621 1353 1672 Ve-

335 1719 457 1754 rum
494 1700 597 1774 alia
638 1714 691 1754 et
725 1714 869 1754 certa
910 1701 1023 1754 haee
1059 1700 1196 1753 ratio
1242 1711 1351 1763 est,

333 1779 483 1850 quod
494 1778 753 1850 smaragdi
774 1781 830 1832 in
852 1781 1060 1852 Scythis
1081 1818 1097 1844 ,
1120 1779 1347 1838 Bactris,

334 1861 567 1930 AEgypto
582 1899 599 1926 ,
628 1860 931 1931 regionibus
952 1859 1141 1932 procul
1158 1858 1355 1911 dissitis

335 1939 403 1990 ab
430 1937 611 2001 India,
633 1939 688 1990 in
719 1959 823 2010 qua
854 1939 1068 1992 Garcias
1094 1937 1348 2010 degebat,

332 2018 681 2088 reperiantur.
704 2019 905 2070 Dauo.
926 2050 1006 2062 —
1028 2017 1344 2071 Nobili-ssimi.

332 2096 569 2150 Isidorus
592 2110 645 2150 et
668 2097 906 2163 Solinus,
946 2097 1079 2150 loeis
1104 2096 1191 2150 eit.
1220 2097 1350 2166 Sey-

336 2174 537 2228 thidem
574 2195 835 2247 gemmam
874 2177 1103 2248 appellat
1136 2176 1349 2230 Martia·

334 2272 464 2314 nus,
494 2255 589 2306 lib.
626 2257 683 2320 Ι,
720 2275 838 2327 pag.
890 2261 956 2311 18
993 2269 1045 2308 et
1081 2275 1168 2309 ao.
1200 2257 1269 2307 H.

421 2333 475 2384 3.
514 2335 677 2387 Nullis
709 2339 862 2402 major
890 2339 1164 2386 austeritas.
1214 2333 1349 2386 Soli-

234 2435 241 2455 ,
338 2429 439 2467 nus
456 2453 472 2478 ,
498 2413 600 2466 loe.
619 2413 706 2466 eit.
732 2439 755 2460 ι
773 2412 1051 2468 laudantur
1091 2411 1343 2478 austeri,-

336 2494 443 2546 hoc
458 2506 561 2557 est,
587 2494 752 2545 saturi
772 2493 981 2546 coloris.
998 2493 1152 2545 MSS.
1178 2503 1352 2542 tamen

338 2575 467 2644 neg.
494 2585 548 2625 et
572 2571 727 2626 Colb.
755 2593 777 2616 ι
798 2573 961 2626 nullis
986 2573 1154 2642 major
1180 2582 1356 2622 aucto-

336 2652 488 2710 ritas,
525 2677 549 2698 n
574 2651 669 2706 sed
689 2651 939 2706 mendose
966 2675 979 2704 :
1005 2669 1171 2721 quum
1190 2647 1353 2702 iidem

340 2746 457 2800 cap.
484 2745 595 2800 seq.
638 2731 781 2784 clare
810 2732 1118 2792 exhibeant,
1156 2755 1177 2776 ι
1206 2741 1356 2781 teno-

338 2822 454 2860 rem
472 2809 627 2860 illum
644 2811 903 2878 Scythico
919 2809 1235 2862 austeritatis
1248 2825 1356 2858 non

340 2905 550 2958 semper
574 2886 898 2940 custodiunt.
927 2911 948 2932 n
974 2887 1039 2938 Η.
1068 2917 1149 2930 --
1178 2887 1359 2938 Auste-

340 2969 477 3019 rt’ms.
514 2965 892 3020 Auster-itatem
920 2965 1065 3018 illam
1094 2983 1191 3018 nos
1224 2963 1357 3017 dici·

344 3063 487 3111 mus,
512 3047 557 3096 la
576 3045 779 3096 velante.
796 3047 964 3098 Bnot.

426 3131 478 3186 4.
512 3125 791 3176 Proximam
821 3125 1008 3176 laudem
1039 3124 1227 3176 habent.
1260 3122 1357 3176 Isi·-

343 3204 535 3270 dorus,
560 3205 712 3276 Orig.
740 3205 835 3256 lib.
870 3205 1033 3269 XVI,
1067 3221 1181 3278 cap.
1212 3221 1277 3274 7,
1302 3215 1358 3256 et

340 3283 615 3356 Theophr.
636 3285 749 3356 πιρὶ
768 3285 935 3347 λίθων,
959 3302 1014 3353 p.
1050 3303 1105 3354 7.
1136 3283 1245 3336 Ubi
1278 3295 1355 3336 ta·

340 3381 493 3429 nen,
512 3377 573 3416 ut
594 3364 793 3434 optime
814 3362 1182 3432 Dalecampius
1193 3363 1357 3416 anim-

344 3441 602 3507 advertit,
640 3442 837 3514 aliique
869 3456 988 3514 post
1022 3461 1177 3504 eum,
1220 3439 1349 3493 nihil

342 3521 434 3575 ille
458 3521 527 3577 de
566 3524 921 3576 commissuris
951 3539 1233 3576 saxorum:
1260 3519 1353 3572 sed

344 3601 511 3654 intexi
553 3603 721 3655 solum
762 3601 1065 3674 smaragdos
1086 3601 1353 3673 calycibus

344 3682 643 3760 gemmatis.
667 3684 733 3742 ιίς
766 3681 832 3735 τὰ
854 3685 1151 3735 λιθόκοὶλαε
1180 3679 1355 3748 colligi

344 3757 605 3811 eosdem'
590 3777 645 3812 m
678 3779 835 3814 arena
860 3761 1047 3815 Etesiis
1078 3759 1355 3823 flantibus,

346 3838 471 3908 quia
515 3841 657 3891 venti
698 3841 733 3892 ii
777 3855 989 3894 movent
1040 3858 1251 3906 menas,
1300 3855 1359 3890 ae

346 3917 539 3970 tellure
576 3916 778 3974 detersa
817 3919 1183 3975 internitentes
1223 3937 1358 3972 sma-

348 3995 541 4067 ragdos
568 3999 827 4067 aperiunt.
860 3999 1043 4054 Hau).

1521 1305 1575 1358 5.
1619 1306 1752 1374 Quos
1785 1308 1834 1357 in
1864 1311 2175 1359 commissuris
2209 1329 2450 1368 saxorum.

1438 1383 1590 1436 Nihil
1618 1383 1687 1436 de
1715 1383 1814 1436 hac
1846 1403 1907 1438 re
1943 1387 2356 1458 Theophrastus.
2384 1393 2454 1445 Et

1438 1463 1715 1533 probabile
1731 1503 1748 1529 ‚
1775 1463 1818 1516 si
1837 1483 1993 1518 arena
2019 1479 2288 1520 commota
2311 1469 2454 1522 inve-

1438 1542 1672 1608 niantur,
1689 1543 1746 1594 in
1771 1543 1956 1596 sabulo
1973 1547 2133 1617 magis
2153 1548 2328 1601 nuci:
2351 1549 2454 1602 nisi

1440 1621 1579 1674 forte
1595 1634 1872 1692 putemus,
1913 1623 2019 1678 alio
2052 1638 2287 1698 tempore
2310 1627 2453 1682 nito·

1437 1717 1552 1751 rem
1601 1700 1814 1753 illorum
1855 1703 2126 1757 obscurari
2179 1723 2453 1760 arenarum

1436 1781 1679 1850 appulsu,
1711 1781 1902 1834 Etesiis
1943 1801 2072 1835 vero
2107 1783 2354 1838 flantibus
2378 1786 2456 1840 di-

1437 1859 1570 1912 scuti
1591 1860 1830 1912 sabulum
1847 1860 1983 1914 illud
2005 1881 2064 1916 ac
2085 1861 2290 1933 disjici,
2307 1864 2455 1920 ideo-

1438 1957 1544 2008 que
1563 1950 1676 1991 tum
1691 1941 1909 2010 fulgere.
1925 1941 2277 2012 Theophrasti
2292 1947 2454 1999 verba

1438 2029 1560 2071 sunt
1573 2015 1688 2070 haec
1708 2019 1800 2072 lib.
1818 2018 1928 2089 περὶ
1942 2021 2097 2072 λίθων·
2116 2015 2202 2083 Οἷς
2223 2019 2282 2075 δὲ
2299 2027 2364 2085 si<
2385 2023 2452 2076 τὰ

1434 2098 1684 2149 Meduana
1711 2106 1923 2167 χρῶνται
1957 2101 2010 2152 ἐκ
2039 2107 2128 2161 τῆς
2153 2107 2454 2172 Βακτριανῆς

1438 2177 1532 2228 εἶσι
1583 2178 1702 2246 πρὸς
1751 2185 1814 2246 τῇ
1862 2178 2040 2250 ἐρήμῳ·
2075 2183 2354 2253 συλλέγουσι
2395 2180 2456 2238 δὲ

1439 2257 1614 2314 αὐτοὺς
1651 2257 1745 2309 ὑπὸ
1775 2259 1973 2318 {maiae
2014 2260 2179 2322 ἱππιῖς
2217 2263 2451 2325 ίξιόντις·

1436 2336 1550 2386 τότι
1570 2335 1663 2404 γὰρ
1691 2338 1917 2405 ἐμφανεῖς
1941 2340 2016 2408 γίν
2021 2357 2156 2392 ονται
2181 2345 2454 2408 κινῦυμένης

1436 2417 1526 2472 τῆς
1561 2414 1726 2483 ἅμμου
1764 2412 1854 2468 διὰ
1880 2419 1936 2470 τὸ
1967 2421 2166 2487 μέγεθος
2188 2427 2283 2472 τῶν
2317 2441 2457 2475 πνευ-

1441 2493 1632 2558 μάτων·
1662 2494 1753 2544 sici
1775 2489 1834 2544 &a
1865 2497 2022 2566 μικροὶ
2041 2499 2126 2552 καὶ
2153 2501 2206 2550 οὐ
2229 2502 2452 2571 μιγαζλοι.

1438 2569 1506 2622 Id
1535 2581 1645 2632 est,
1661 2571 2038 2628 «carbunculi
2061 2595 2124 2630 ex
2150 2577 2456 2646 Bactriana,

1442 2647 1637 2720 quibus
1665 2661 1886 2703 utuntur
1907 2651 1976 2704 ad
1997 2671 2256 2723 gemmata
2284 2662 2458 2713 moni-

1440 2729 1544 2789 lin,
1589 2728 1646 2778 in
1685 2725 1909 2781 desertis
1947 2747 2247 2789 naseuntur.
2289 2740 2456 2791 coui-

1441 2819 1574 2876 gunt
1612 2821 1700 2858 eos
1740 2807 1988 2862 flantibus
2025 2811 2215 2865 Etesiis
2254 2819 2456 2886 equites

1442 2886 1540 2938 ino
1569 2887 1782 2956 egressi3
1823 2899 1938 2940 tum
1965 2889 2104 2941 enim
2133 2911 2272 2944 aura
2297 2897 2454 2947 vehe-

1444 2966 1641 3018 mentia
1667 2967 1948 3019 commotis
1975 2969 2147 3022 arenis
2177 2986 2454 3041 apparent.

1442 3044 1578 3098 Sunt
1597 3055 1774 3099 autem
1797 3047 1948 3117 parvi
1971 3067 2032 3102 ac
2057 3067 2168 3103 non
2199 3052 2394 3123 magni.
2425 3080 2448 3103 n

1444 3125 1652 3178 Dauo·

1525 3209 1578 3256 6.
1628 3204 1819 3256 Tellure
1861 3209 2148 3261 inte-mium.
2202 3210 2416 3266 Solinus
2438 3253 2454 3278 ,

1441 3283 1544 3336 loe.
1569 3284 1658 3336 cit.
1693 3309 1716 3331 α
1743 3285 2094 3340 Inveniuntur
2113 3289 2297 3343 Etesiis
2323 3291 2452 3344 flan-

1440 3363 1613 3416 tibus:
1635 3375 1762 3416 tunc
1785 3366 1926 3417 enim
1949 3371 2154 3422 detecto
2175 3371 2289 3424 solo
2313 3371 2455 3423 sacil-

1437 3441 1566 3495 lime
1590 3443 1898 3498 intel-nitent
1927 3463 1942 3496 :
1971 3465 2092 3500 nam
2125 3451 2314 3502 Etesiae
2339 3451 2455 3520 plu·

1436 3521 1634 3574 rimu'm
1670 3541 1852 3576 arenas
1889 3540 2120 3580 movent.
2149 3551 2174 3574 υ
2219 3530 2454 3582 Isidorus

1440 3603 1697 3665 similiter,
1717 3601 1816 3654 loc.
1839 3605 1930 3656 cit.
1956 3629 1977 3650 ι
2001 3607 2216 3659 Tellure
2239 3607 2457 3679 deoper-

1440 3691 1494 3732 ta
1509 3680 1859 3737 intermicant.
1888 3708 1911 3729 ι
1941 3685 2218 3753 Theophr.
2243 3687 2344 3740 loc.
2369 3689 2453 3740 cit.

1442 3763 1556 3814 τότε
1599 3759 1696 3832 γὰρ
1746 3764 1969 3833 ἐμφανεῖς
2008 3765 2137 3832 γίνον
2115 3785 2240 3818 ποι-αι
2280 3769 2348 3821 Η.
2377 3797 2459 3808 --

1454 3841 1646 3892 Tellure
1684 3846 1972 3894 inter-nitent.
2017 3811 2166 3897 ⁸Brot.
2211 3863 2274 3898 ex
2305 3843 2458 3900 MSS.

1446 3919 1609 3990 Regg.
1639 3941 1701 3985 2,
1754 3922 1818 3986 3,
1856 3921 1920 3983 5.
1953 3925 2018 3982 6,
2057 3934 2109 3975 et
2133 3923 2260 3978 edit.
2283 3928 2456 4000 princ.

1450 3999 1614 4050 tellure
1645 4011 1798 4066 tersa,
1842 4005 2004 4053 nitent.
2043 4001 2142 4055 En.
