2975 4684
399 473 424 509 1

461 309 559 381 60
997 313 1076 380 C.
1126 310 1468 380 PLINII
1519 311 1739 380 NAT.
1790 310 2052 380 HIST.

570 445 826 515 XVIII.
867 443 1262 536 Laquearim
1313 468 1462 538 quae
1516 467 1696 512 nunc
1738 457 1809 512 et
1850 444 1931 511 in
1962 439 2237 537 privatis
2283 441 2591 517 domibus

463 576 626 620 auro
658 563 993 643 teguntur,
1031 563 1182 642 post
1206 549 1678 645 Carthaginem
1710 573 2008 618 eversam
2044 549 2259 643 primo
2292 550 2593 620 inaurata

463 671 618 727 sunt
657 656 726 722 in
774 653 1139 750 Capitolio,
1178 679 1458 725 censura
1512 659 1589 725 L.
1618 653 2009 724 Mummii&
2066 655 2231 726 Inde
2276 658 2592 726 transiere

461 765 540 831 in
565 785 857 830 cameras
893 760 1195 855 quoque²
1235 777 1303 832 et
1336 763 1657 858 parieteS,
1686 764 1798 856 qui
1830 763 1967 856 jam
2004 776 2074 830 et
2103 763 2229 856 ipsi
2254 777 2591 894 tamquam

459 891 618 936 vasa
645 868 1081 936 inaurantur.
1127 892 1332 962 quum
1375 893 1494 939 sua
1534 884 1691 938 oetas
1729 869 1909 936 varia
1947 867 2031 937 de
2063 854 2345 938 Catulo³
2374 869 2591 939 existi-

462 973 774 1062 maverit,
816 973 997 1068 quod
1029 973 1284 1070 tegulas
1328 999 1531 1044 aereas
1564 957 1877 1070 Capitolii
1913 975 2279 1044 inaurasset
2320 975 2589 1069 primus.

567 1081 754 1148 XIX.
785 1082 1175 1150 Inventores
1215 1083 1390 1168 auri,
1437 1084 1611 1152 sicut
1654 1079 2071 1151 metallorum
2114 1081 2255 1150 fere
2296 1082 2595 1150 omnium

459 1187 741 1281 septimo
761 1183 780 1210 '¹
817 1185 1156 1254 volumine
1181 1187 1489 1258 diximus.
1522 1190 1929 1282 Praecipuam
1962 1188 2239 1282 gratiam
2274 1187 2433 1256 huic
2462 1187 2597 1258 ma'·

458 1293 640 1360 teriae
675 1290 872 1360 fuisse
909 1291 1227 1382 arbitror,
1273 1319 1408 1363 non
1464 1293 1723 1378 colore,
1765 1295 1877 1388 qui
1920 1295 1989 1364 in
2033 1307 2311 1388 argento
2355 1291 2597 1385 clarior

458 1413 598 1482 est,
639 1399 984 1494 magisque
1028 1399 1161 1470 diei
1205 1399 1472 1484 similis,
1532 1416 1599 1470 et
1639 1401 1789 1470 ideo
1832 1399 2223 1470 militaribus
2256 1400 2463 1495 signis
2500 1399 2595 1470 fa—

461 1503 803 1590 miliarior,
839 1507 1154 1600 quoniam
1217 1509 1273 1576 is
1331 1506 1591 1604 longius
1642 1507 1852 1605 fulget
1898 1531 1913 1576 ε
1964 1506 2313 1576 manifesto
2372 1529 2600 1576 errore

461 1635 725 1711 eorum,
767 1613 880 1705 qui
918 1611 1209 1682 ‘colorem
1248 1613 1538 1682 siderum
1584 1611 1910 1708 placuisse
1950 1613 2019 1682 in
2062 1637 2227 1682 auro
2266 1612 2584 1685 arbitran-

463 1732 596 1804 tur,
637 1742 842 1812 quum
881 1719 946 1786 in
990 1720 1268 1815 gemmis
1311 1717 1585 1814 aliisque
1635 1711 1834 1789 rebiis
1882 1743 2017 1788 non
2064 1720 2152 1788 sit
2202 1719 2597 1814 praecipuus.

459 1825 605 1894 Nec
645 1823 968 1919 pondere,
1003 1839 1120 1893 aut
1145 1823 1462 1894 facilitate
1511 1827 1803 1894 materiae
1834 1823 2178 1918 praelatum
2214 1838 2316 1893 est
2349 1827 2602 1896 caeteris

465 1929 782 2017 metallis,
825 1955 1028 2024 quum
1074 1929 1298 1999 cedat²
1344 1955 1464 2026 per
1517 1943 1871 2023 utrumque
1932 1927 2225 2024 plumbo.
2274 1929 2404 1998 Sed
2430 1931 2602 2061 3quia

437 2062 683 2142 ,rerum
721 2039 836 2106 uni
879 2035 1092 2106 nihil
1075 2061 1226 2132 igne
1261 2035 1554 2156 deperit,
1574 2051 1719 2106 tuto
1760 2035 1957 2105 etiam
1996 2037 2065 2104 in
2099 2021 2454 2105 incendiis³
2492 2061 2603 2108 ro·

432 2247 745 2304 'solverent
805 2248 946 2304 Hinc
1003 2247 1260 2322 principis
1321 2263 1482 2321 caput

458 2329 695 2384 cinctum
727 2330 947 2400 gemmis
971 2330 1219 2392 exhibet,
1244 2346 1370 2382 cum
1400 2329 1479 2384 lit·

459 2411 619 2474 teria,
660 2427 874 2463 atzmu
903 2429 916 2460 ε
950 2427 1175 2480 quarum
1224 2409 1482 2462 sententia

459 2503 538 2542 est
573 2509 586 2540 ε
626 2516 648 2536 ι
677 2489 1002 2542 Mei-catores
1056 2487 1197 2542 Edui
1241 2487 1486 2544 Theode-

459 2569 614 2622 berto
650 2569 886 2638 Augusto
919 2569 964 2622 L
990 2568 1480 2642 quinquagesimam

459 2649 765 2702 Solverunt.
805 2673 828 2695 ·
883 2649 1088 2703 Gallice
1133 2647 1395 2713 diximus,
1439 2649 1484 2700 le

459 2732 806 2801 cinquaneieme
825 2727 1006 2782 dernier.
1039 2729 1167 2781 Pars
1183 2729 1343 2782 altera
1360 2747 1482 2781 cum

462 2825 624 2862 cruce
647 2809 706 2860 in
734 2807 913 2862 medio
931 2849 947 2876 ‚
977 2809 1140 2863 habet
1164 2807 1258 2862 han
1295 2809 1348 2860 in
1373 2827 1488 2861 am·

465 2889 588 2941 bitu
635 2888 869 2942 litteras:
901 2907 1045 2942 ‘ravo
1081 2904 1294 2942 nrstnvs
1326 2905 1340 2941 :
1379 2887 1486 2942 hoc

462 2985 619 3021 sensu
657 2989 670 3018 ε
705 2993 727 3014 ι
756 2969 1084 3022 'rnvneberto
1114 2965 1253 3020 Edui
1285 2965 1488 3020 Tribu-

459 3059 576 3099 tum
603 3045 947 3118 Sexagedimae
957 3047 1165 3102 Invicto
1186 3045 1485 3102 Liberatori

460 3125 626 3180 Urbis
647 3127 947 3182 Solverunt.
973 3153 995 3176 ιι
1026 3127 1206 3180 Haut).

517 3205 725 3258 xvm.
739 3222 762 3258 ι
774 3207 853 3261 .L.
867 3207 1105 3261 Mummii.
1117 3209 1179 3260 L.
1193 3207 1488 3260 Mummius

461 3283 722 3339 Achaicus
782 3288 1102 3358 appellatus,
1166 3285 1489 3344 Corinthum.

462 3363 676 3418 Achaiai
701 3379 860 3436 caput
883 3367 1144 3432 incendit,
1164 3385 1246 3419 an.
1269 3365 1338 3418 U.
1359 3366 1488 3429 608,

461 3461 572 3518 quo
592 3463 732 3497 anno
751 3459 901 3516 capta
921 3459 973 3500 et
990 3449 1200 3500 incensa
1222 3445 1487 3515 Carthago

462 3537 544 3579 est
590 3543 620 3578 a
670 3525 732 3579 1³.
775 3527 943 3581 Corn.
992 3527 1244 3598 Scipione
1278 3541 1292 3577 z
1329 3523 1487 3577 ambo

463 3599 660 3660 dein'dc
713 3623 987 3659 censuram
1039 3605 1196 3658 simul
1254 3622 1452 3676 gessere
1473 3643 1489 3667 ‚

461 3703 587 3738 ann.
612 3685 682 3737 U.
707 3685 769 3740 C.
795 3691 827 3739 6
843 3705 862 3738 ι
878 3705 905 3738 a
923 3724 938 3751 ,
961 3687 1293 3756 lusu-umque
1315 3685 1486 3736 fecere

467 3765 558 3832 67.
591 3765 776 3818 nnn.

546 3864 596 3898 a.
639 3844 758 3897 Inde
795 3848 1024 3898 transiere
1066 3847 1116 3897 in
1147 3863 1358 3896 cameras
1382 3863 1402 3896 .·
1435 3847 1487 3895 in

459 3925 668 3992 parietes
703 3945 900 3998 quoque.
931 3925 1096 3984 Voss.
1115 3947 1137 3967 ·
1167 3924 1222 3977 in
1254 3941 1485 3978 cameras

467 4019 678 4074 quoque
705 4017 758 4058 et
778 4008 1034 4077 parietes,
1063 3999 1155 4076 q'ui
1174 4009 1284 4078 jam
1309 4015 1364 4058 et
1385 4003 1486 4076 ipsi

1564 2261 1814 2323 tanquam
1855 2268 1975 2303 vasa
2018 2250 2349 2304 inaurentur.
2376 2257 2510 2304 -ut
2540 2263 2597 2305 et

1564 2328 1705 2382 liber
1730 2329 1981 2384 Pintiani.
2012 2330 2200 2384 Guon.

1650 2410 1704 2463 3.
1753 2409 1833 2460 De
1869 2408 2063 2464 Catulo.
2104 2409 2187 2461 Eo
2240 2409 2336 2482 qui
2380 2409 2599 2488 Capito-

1566 2489 1697 2543 lium
1724 2488 2015 2554 dedicavit,
2044 2502 2104 2543 ut
2125 2487 2389 2553 diximus,
2430 2489 2593 2554 XIX,

1571 2573 1624 2622 6.
1666 2569 1789 2622 Hoc
1816 2569 1959 2622 illius
1989 2570 2183 2623 factum
2212 2587 2311 2624 aua
2334 2575 2481 2622 atate
2506 2569 2599 2626 alii

1567 2647 1625 2702 in
1644 2648 1797 2701 aliam
1812 2661 2014 2722 partem
2038 2648 2373 2720 accipiebant
2394 2671 2406 2701 ε
2432 2668 2599 2721 quum

1567 2748 1676 2781 non
1712 2727 1981 2798 deessent,
2012 2730 2106 2800 qui
2144 2729 2344 2784 fusiore
2378 2741 2597 2800 sumptu

1570 2810 1676 2862 coli
1714 2807 1842 2862 deos
1872 2807 2123 2882 negarent
2154 2802 2419 2880 oportere.
2452 2811 2520 2862 Η.

1648 2887 1799 2942 XIX.
1832 2908 1879 2943 1.
1907 2889 2137 2960 Septimo.
2160 2889 2223 2942 L.
2251 2889 2381 2952 vn,
2413 2889 2503 2959 57.
2530 2885 2596 2941 H.

1654 2990 1703 3022 a.
1738 2969 1909 3023 Cedat.
1948 2970 2076 3022 Hac
2102 2968 2459 3038 incogitanter
2493 2965 2603 3019 Pli-

1572 3048 1711 3102 nius.
1734 3053 1937 3102 Aurum
1968 3067 2068 3101 nec
2093 3045 2365 3119 pondere,
2405 3065 2502 3098 nec
2532 3045 2604 3099 fa·

1574 3128 1777 3182 cilitate
1804 3128 2033 3180 materia
2057 3125 2278 3196 plumbo
2304 3123 2447 3177 cedit
2472 3141 2485 3176 :
2512 3143 2603 3194 pes

1573 3208 1795 3261 cubicus
1813 3203 2011 3276 pendet
2033 3204 2193 3258 libras
2216 3222 2239 3256 1
2253 3203 2304 3270 ,3
2316 3225 2343 3257 a
2355 3207 2386 3255 6
2404 3222 2420 3268 3
2438 3204 2609 3274 plum-

1575 3287 1631 3340 bi
1674 3303 1801 3339 vero
1847 3286 2011 3338 libras
2054 3284 2187 3339 828.
2230 3284 2311 3336 De
2354 3283 2606 3338 facilitate

1574 3366 1807 3418 materiai
1846 3365 1970 3424 satis
2016 3375 2351 3434 compertum
2397 3377 2511 3428 eat,
2553 3375 2607 3416 et

1574 3463 1695 3497 mox
1750 3443 1989 3510 dicetur3
2035 3444 2200 3496 immo
2245 3442 2451 3498 Plinius
2494 3442 2607 3514 ipae

1572 3525 1734 3596 paulo
1762 3524 1858 3577 inf.
1896 3524 1971 3578 ait
2010 3543 2140 3577 auro
2168 3523 2301 3576 nihil
2332 3522 2501 3576 laxius
2528 3521 2609 3575 ‹li-

1574 3605 1746 3658 latari.
1761 3606 1910 3657 Bao-r
1920 3603 2427 3656 .-—-Rccentioribua
2442 3621 2604 3674 expe-

1574 3676 1817 3738 rime'mis
1854 3685 1973 3738 auri
2012 3683 2356 3756 apeciflcum,
2404 3695 2461 3734 ut
2510 3701 2605 3735 vo·
2678 3749 2685 3758 .

1576 3778 1726 3828 cant,
1761 3763 1973 3836 pondus
1998 3781 2077 3818 est
2100 3763 2339 3832 19‚257;
2369 3761 2607 3831 plumbi,

1592 3862 1615 3896 1
1635 3841 1821 3908 1352.
1853 3845 1959 3897 En.

1660 3925 1712 3978 3.
1740 3926 1870 3977 Tuto
1890 3927 2033 3975 etiam
2056 3926 2107 3974 in
2124 3921 2353 3974 incendiis
2382 3925 2605 3994 mgisque

1578 4005 1781 4058 durante
1793 4007 2008 4058 matoria.
2027 4003 2149 4058 Duo
2160 4015 2427 4074 postrema
2439 4005 2603 4058 verba
