2975 4684
1058 384 1369 453 LIBER
1420 386 1784 462 XXXIV.

2356 387 2486 487 195

360 532 494 585 tem
552 530 873 587 censetur.
927 504 1334 595 Naucerus⁵¹
1398 516 1789 595 luctatorem
1839 518 2265 592 anhelantem
2317 519 2490 592 fecit.

360 624 711 714 Niceratus
727 609 773 645 ⁵²
809 622 1290 717 AEsculapium‚
1329 638 1396 692 et
1433 610 1804 717 Hygiam⁵³‚
1839 626 1952 717 qui
1999 640 2155 699 sunt
2189 627 2260 695 in
2306 628 2491 698 Con-

362 728 601 797 cordiae
633 727 881 821 templo
896 715 945 758 ⁵⁴
982 730 1233 799 Romae.

468 834 865 927 Pyromachi
885 820 933 857 ⁵⁵
977 833 1292 928 quadriga
1344 837 1596 928 regitur
1642 835 1726 902 ab
1784 834 2138 911 Alcibiade.
2200 836 2494 931 Polycles
2532 884 2594 934 31
2701 900 2705 903 .

363 940 1000 1033 Hermaphroditum
1041 940 1325 1007 nobilem
1370 941 1548 1009 fecit.
1590 938 1882 1032 Pyrrhus
1912 943 2191 1034 Hygiam
2217 992 2235 1024 ,
2269 957 2338 1010 et
2362 945 2494 1016 Mi·

362 1069 637 1113 nervam
668 1069 684 1109 ε
715 1046 991 1113 Phoenix
1035 1047 1304 1139 Lysippi
1347 1044 1748 1141 discipulus,
1789 1033 2280 1138 Epithersen⁵⁶.

466 1152 693 1244 Stipax
734 1152 1013 1245 Cyprius
1052 1176 1187 1222 uno
1228 1151 1601 1227 celebratur
1645 1154 1869 1244 signo,
1897 1148 2396 1246 Splapclmopte
2418 1140 2488 1223 ⁵⁷.

361 1255 627 1326 Periclis
665 1255 955 1350 Olympii
982 1256 1255 1327 vernula
1283 1258 1393 1326 hic
1418 1257 1572 1344 fuit,
1607 1272 1756 1334 exta
1789 1271 2079 1342 torrenS,
2111 1255 2331 1347 ignem
2364 1261 2494 1327 oris

360 1360 541 1455 pleni
598 1363 830 1454 spiritu
876 1362 1263 1434 accendens.
1312 1348 1663 1437 Silanion⁵⁸
1699 1360 2180 1453 Apollodorum
2230 1350 2501 1447 fudit⁵⁹,

360 1466 661 1537 fictorem
684 1482 750 1535 et
771 1470 1021 1559 ipsum,
1051 1466 1167 1535 sed
1191 1468 1361 1536 inter
1397 1480 1676 1538 cunctos
1704 1464 2280 1559 diligentissimum
2311 1470 2496 1569 artis?

361 1587 430 1640 et
470 1574 809 1639 inimicum
861 1572 959 1637 sui
998 1570 1325 1660 judicem,
1358 1571 1593 1637 crebro
1632 1569 1924 1662 perfecta
1963 1572 2149 1664 signa
2183 1571 2497 1665 frangen-

360 1690 497 1745 tem
521 1728 539 1757 ‚
576 1674 735 1742 dum
778 1674 997 1741 satiari
1038 1674 1396 1769 cupiditate
1434 1660 1658 1742 artis⁶⁰
1703 1700 1840 1743 non
1886 1678 2056 1769 quit,
2103 1691 2168 1744 et
2203 1677 2350 1745 ideo
2387 1679 2495 1745 in-

363 1805 597 1851 sanum
636 1780 1193 1873 cognominatum.
1224 1783 1369 1849 Hoc
1400 1783 1466 1849 in
1497 1806 1582 1849 eo.
1605 1782 1964 1873 expressit,
2004 1806 2126 1849 nec
2157 1782 2493 1851 hominem
2533 1796 2594 1848 32

360 1910 446 1954 ex
468 1910 595 1955 aere
620 1884 775 1954 fecit
795 1937 814 1970 ‚
840 1883 955 1952 sed
988 1883 1395 1953 iracundiam
1410 1872 1459 1909 ⁶¹
1498 1907 1512 1947 :
1549 1899 1616 1953 et
1639 1883 1962 1952 Achillem
1989 1885 2297 1955 nobilem.
2322 1890 2490 1955 Item

358 2110 585 2163 Tatiano
605 2148 621 2172 ,
684 2107 834 2163 Orat.
900 2121 1080 2163 contra
1132 2108 1375 2171 Grecos,

360 2207 419 2260 p.
455 2192 585 2243 181.
604 2188 789 2243 Ham).

445 2268 475 2323 5
490 2288 535 2323 1.
564 2268 833 2323 Nau-ema.
853 2270 1135 2336 Ναὺκερως,
1156 2284 1225 2321 an
1248 2268 1381 2321 Ναύ-

361 2354 545 2418 κληρος.
578 2344 758 2398 11η».

446 2429 532 2481 53.
561 2426 833 2479 Niceratus.
862 2424 1161 2493 Νικήρατος,
1180 2434 1377 2475 statua·

360 2504 477 2559 rius
506 2504 786 2569 a·Tatiauo
812 2502 1051 2558 laudatus
1070 2543 1085 2568 ,
1110 2503 1148 2555 l.
1174 2521 1220 2554 c.
1252 2501 1381 2555 dici-

362 2596 455 2637 tur
480 2582 784 2653 Εὐκτήμονος
817 2575 1052 2663 Ᾰθηῖαίου
1082 2582 1241 2635 filius.
1268 2582 1338 2633 Η.

444 2663 532 2717 53.
564 2664 633 2717 Ee
654 2664 888 2733 Hygiam.
918 2665 1119 2733 Υγιῖαν,
1147 2678 1265 2731 quae
1288 2664 1381 2712 ΛΕ·

362 2742 583 2813 ιωῐιψὶἰ
610 2742 716 2795 filia
732 2780 747 2802 ,
770 2741 835 2793 ab
856 2740 1182 2810 Hippocrate
1205 2738 1261 2791 in
1282 2758 1379 2794 suo

359 2820 705 2891 jurejurando
728 2820 887 2873 simul
906 2837 1027 2871 cum
1052 2830 1197 2889 patre
1225 2818 1380 2874 iuvo-

363 2912 534 2952 catur.
570 2898 757 2951 Latine
797 2895 1009 2947 Salutem
1056 2909 1145 2949 aut
1184 2896 1380 2951 Sanita-

366 2991 460 3031 tem
504 2975 716 3029 dixeris.
754 2976 817 3025 In
864 2976 1098 3027 nummis
1139 2974 1380 3030 Nicaeen-

362 3059 509 3111 sium
538 3057 615 3109 M.
648 3054 863 3107 Aurelio
890 3053 1130 3124 principe
1156 3054 1327 3118 cusis,
1348 3072 1380 3107 e

363 3135 595 3191 Cimelio
630 3132 767 3203 regis
808 3131 1379 3185 christianissimam

360 3222 580 3271 ΪΓΕῙΔ.
614 3212 936 3267 ΝΙΚΔῙΕῙΟ.
960 3210 1106 3265 Alter
1140 3210 1379 3283 ejusdem

361 3302 561 3349 ΪΓΕῙΑ
592 3293 1119 3347 ΑΜΔΟΤΡῙΔΝΩΝ.
1156 3291 1339 3345 ΗΑΜ).

448 3376 480 3427 5
488 3382 518 3437 4
526 3415 539 3427 .
564 3374 625 3426 In
655 3372 938 3426 Concordia·
965 3371 1149 3441 templo.
1186 3372 1382 3440 Regio-

360 3474 431 3509 ne
448 3454 613 3509 Urbis
640 3463 841 3505 octava.
864 3450 945 3504 Hi
954 3470 1045 3504 nn.

448 3534 539 3589 ⁵5.
568 3530 874 3601 Pyromaclti.
920 3532 1003 3583 De
1046 3529 1379 3599 Pyromacho

364 3627 421 3667 et
474 3612 723 3683 Polycle,
784 3628 961 3679 supra.
1023 3609 1382 3680 Pyromachun

370 3692 510 3745 idem
546 3688 759 3744 videtur
800 3706 943 3750 esse,
984 3688 1077 3757 qui
1100 3688 1383 3756 Φυρόμαχος

368 3771 507 3825 inter
543 3768 825 3825 statuarios
868 3766 1164 3837 appellatur
1196 3767 1251 3817 in
1277 3768 1386 3817 An-

368 3850 567 3921 tholog.
604 3850 703 3912 lv,
740 3866 827 3900 ια.
860 3845 1149 3916 AEsculapii
1176 3844 1387 3897 simula-

368 3946 521 3982 crum
592 3946 618 3980 a
667 3926 1039 3997 Phyromacho
1100 3922 1386 3979 conflatum

367 4005 547 4061 laudat
562 4004 721 4061 Diod.
742 4007 798 4058 iu
818 4006 1062 4075 Excerpt.
1082 4024 1139 4075 p.
1161 4004 1293 4057 336.
1318 4002 1385 4055 H.

1552 2110 1644 2161 56.
1661 2108 1962 2177 Epithersen.
1985 2098 2252 2181 Ἐπιθέρσην
2271 2112 2353 2165 τὸν
2373 2118 2491 2168 Mn·

1464 2184 1712 2257 τροὸώρου
1735 2224 1752 2249 ,
1800 2188 2034 2257 pugilem
2075 2188 2329 2241 eximium
2347 2226 2364 2250 ‚
2417 2189 2488 2245 de

1466 2284 1572 2340 quo
1598 2268 1816 2319 Pausan.
1835 2266 1890 2317 in
1915 2267 2084 2320 Eliac.
2104 2279 2246 2337 post.
2265 2268 2366 2330 vl,
2389 2287 2413 2321 ι
2428 2268 2478 2323 5.

1549 2345 1642 2414 57.
1668 2344 2040 2415 Splanclmopte.
2081 2346 2392 2417 Philelphus
2428 2352 2486 2401 in

1465 2425 1704 2477 Suetonii
1747 2423 2046 2490 Augustum
2062 2464 2078 2487 ‚
2103 2442 2218 2493 cap.
2248 2444 2329 2492 vr,
2353 2428 2483 2479 ucri-

1463 2503 1543 2555 bit
1571 2503 1624 2553 in
1661 2503 1952 2572 exemplari
1975 2503 2214 2575 quodam
2245 2523 2302 2557 se
2329 2504 2482 2575 legis-

1464 2599 1546 2646 se,
1587 2578 1922 2651 Sparganopte
1951 2595 1970 2628 ··
2005 2602 2124 2652 quoe
2144 2572 2264 2636 ‘vox
2294 2582 2477 2644 fascin-

1465 2671 1578 2713 tum
1607 2678 1832 2729 puerum
1861 2661 2136 2730 significat.
2163 2664 2368 2715 Dine.
2399 2694 2481 2705 —

1462 2738 1834 2809 Splanclmopte.
1857 2740 2031 2793 Puero
2051 2739 2196 2810 ignes
2213 2742 2472 2815 sufflapte,

1464 2830 1516 2871 et
1544 2829 1774 2871 torrente
1802 2829 1946 2881 exta,
1969 2820 2067 2871 ἀπὸ
2087 2826 2172 2873 τοῦ
2198 2821 2264 2873 τὰ
2284 2822 2478 2892 σπλάγ-

1460 2918 1558 2966 χνα
1589 2900 1768 2967 ὄπτᾷν.
1795 2897 2054 2951 Ηιιιι).--
2082 2899 2162 2950 De
2183 2900 2286 2953 hoc
2309 2919 2477 2970 puero

1464 2979 1681 3048 ejusque
1737 2976 1886 3045 signo
1935 2979 2044 3046 jam
2096 2976 2231 3030 dixit
2284 2979 2477 3033 Noster

1462 3056 1556 3109 lib.
1585 3055 1782 3119 XXII,
1823 3072 1937 3124 cap.
1979 3075 2064 3109 πο.
2102 3057 2204 3111 En.

1549 3135 1641 3188 58.
1671 3134 1910 3185 silanion.
1940 3135 2018 3187 De
2043 3153 2108 3187 eo
2127 3137 2371 3206 superius
2391 3137 2478 3193 di-

1464 3225 1640 3277 ctum,
1671 3212 1812 3265 idem
1841 3214 2028 3283 Σαπφὼ
2063 3206 2441 3287 ἐχαλκοῦργησεν
2460 3257 2476 3283 ,

1465 3304 1526 3345 ut
1567 3304 1646 3343 est
1688 3290 1834 3361 apud
1864 3293 2068 3348 Tatian.
2104 3294 2250 3349 Orat.
2290 3312 2480 3352 contra

1464 3372 1711 3436 Gracco,
1738 3390 1795 3442 p.
1834 3374 1952 3425 182.
1985 3374 2170 3427 ΗΑΒ».

1551 3448 1645 3519 59.
1673 3451 1842 3502 Fudit.
1867 3452 1946 3503 Ex
1975 3470 2093 3505 aere.
2121 3451 2188 3507 Η.
2207 3486 2288 3497 -—-
2309 3456 2476 3509 Gron.

1472 3540 1526 3583 et
1548 3530 1632 3581 Al.
1659 3542 1780 3583 ante
1803 3528 1969 3582 Hard.
1987 3532 2130 3598 fxit.
2149 3533 2256 3585 En.

1556 3612 1644 3662 60.
1681 3610 1814 3663 Dum
1851 3614 2030 3662 satiare
2067 3612 2372 3681 cupiditatem
2397 3629 2480 3661 ne-

1474 3691 1577 3761 quit
1603 3692 1721 3741 artis
1741 3684 1762 3754 (
1782 3690 1856 3741 sic
1877 3688 2078 3760 prius).
2100 3690 2298 3742 Verior
2325 3688 2482 3741 lectio

1475 3769 1646 3821 nostri
1669 3767 1894 3833 codicis,
1925 3792 1945 3813 κ
1971 3769 2100 3821 dum
2133 3766 2310 3819 satiari
2340 3766 2487 3837 cupi-

1478 3846 1641 3901 ditate
1667 3849 1791 3903 artis
1815 3848 2014 3917 nequit.
2038 3872 2060 3892 ι
2088 3846 2244 3895 Ρηιτ.

1560 3932 1654 3981 61.
1694 3924 1794 3979 Sed
1835 3924 2146 3979 iracundiam.
2189 3922 2372 3985 Simile
2415 3938 2490 3979 est

1482 4022 1702 4057 acumen
1734 4005 1884 4057 Pauli
1921 3999 2234 4065 Silentia-ii,
2274 4002 2340 4057 de
2365 4006 2491 4059 Bac-

2135 4087 2250 4160 13²
