2975 4684
503 387 639 484 573
1025 389 1097 454 c.
1144 384 1479 498 Plan-11
1531 383 1742 456 NAT.
1797 383 2052 452 msr.

498 524 687 592 torio.
730 515 1055 613 Splendor
1090 517 1195 586 his
1226 518 1363 584 sine
1404 502 1688 584 viribus⁵
1722 542 1736 582 :
1777 517 2080 608 nitorque
2117 512 2367 598 verius,
2403 539 2601 608 quam

476 624 824 721 splendor.
854 622 982 692 Sed
1024 623 1091 690 in
1114 623 1324 716 pretio
1344 622 1628 689 varietas
1659 619 1979 702 colorum,
2005 619 2278 688 subinde
2313 621 2604 688 circum-

498 729 841 825 agentibus
914 753 981 796 se
1034 725 1307 796 maculis
1362 729 1429 794 in
1503 751 1864 821 purpuram
1925 726 2411 818 candoremque
2435 775 2454 808 ‚
2539 740 2608 794 et

497 839 762 905 tertium
818 859 899 901 ex
948 847 1229 926 utroque
1263 834 1764 960 t..ignescentenu
1833 831 2034 900 veluti
2083 855 2202 926 per
2258 832 2602 900 transitum

498 941 765 1026 coloris,
828 941 893 1007 in
962 923 1314 1032 purpura⁶,
1356 949 1472 1006 aut
1523 939 1912 1007 rubescente
1969 935 2200 1006 lacteo.
2265 937 2433 1005 Sunt
2494 937 2606 1030 qui
2628 957 2642 964 ·

496 1047 777 1116 maxime
810 1044 877 1111 in
916 1044 993 1114 iis
1035 1042 1301 1112 laudent
1336 1045 1808 1128 extremitates,
1845 1057 1912 1114 et
1949 1042 2267 1135 quosdam
2309 1040 2605 1110 colorum

492 1174 944 1246 repercussus,
990 1147 1215 1242 quales
1253 1149 1319 1218 in
1362 1148 1598 1218 caelesti
1647 1172 1806 1218 arcu
1857 1162 2258 1243 spectantur.
2299 1148 2418 1216 His
2461 1171 2605 1214 ma-

492 1257 654 1326 culae
690 1258 965 1350 pingues
1000 1253 1302 1349 placent:
1338 1254 1742 1324 translucere
1770 1253 2151 1348 quidquam,
2183 1266 2297 1322 aut
2328 1251 2606 1346 pallere,

488 1363 719 1432 vitium
750 1375 864 1431 est.
908 1365 1071 1429 ltem
1112 1359 1312 1442 sales,
1336 1385 1760 1453 verrucaeque
1790 1384 1922 1427 non
1953 1361 2355 1440 eminenteS,
2391 1357 2504 1426 sed
2531 1371 2605 1425 ut

488 1471 553 1536 in
594 1491 874 1561 corpore
917 1466 1109 1534 etiam
1139 1464 1526 1559 plerumque
1563 1464 1867 1536 sessiles'7.
1909 1449 2176 1557 Aliqua⁸
2211 1464 2374 1532 etin
2403 1463 2605 1532 odore

486 1571 981 1643 commendatio
1018 1585 1133 1638 est.

593 1681 709 1746 lx.
772 1678 1119 1747 Contraria
1166 1675 1323 1744 huic
1366 1699 1560 1744 causa
1602 1674 1982 1770 crystallum
2026 1673 2246 1760 facit¹,
2293 1672 2601 1768 gelwve-

485 1871 626 1924 riore
667 1886 785 1938 cap.
827 1866 1077 1920 attributa
1120 1878 1230 1929 est,
1277 1865 1502 1936 :capaci
1598 1865 1863 1918 traherent
1899 1884 2158 1936 saporem.
2195 1867 2482 1930 Martialis,
2510 1869 2605 1922 lib.

486 1949 643 2019 plane
668 1944 734 1998 ad
774 1944 1023 1998 sextarios
1048 1957 1155 1996 tres
1183 1943 1406 1995 calice.-
1438 1942 1504 1996 H.
1597 1944 1754 2003 xm,
1817 1944 1986 2014 epigr.
2040 1948 2184 2011 113,
2237 1948 2322 2000 eui
2369 1949 2604 2002 lemma:

572 2027 623 2078 5.
644 2023 759 2076 Sine
780 2024 979 2075 viribus.
1003 2021 1186 2094 Neque
1200 2021 1339 2072 enim
1356 2034 1506 2072 erant

486 2099 829 2164 translucida,
843 2101 942 2153 nisi
962 2101 1120 2162 sorte,
1142 2112 1199 2150 ut
1218 2099 1378 2151 Plinii
1396 2118 1508 2150 ver·

485 2183 571 2235 bis
593 2191 731 2243 utar,
746 2179 997 2232 crassiore
1010 2178 1124 2230 visu
1138 2195 1153 2241 ;
1177 2195 1277 2228 nos
1290 2178 1508 2247 proprie

488 2258 746 2324 dicimuS,
772 2261 1255 2325 semi-transparents.
1284 2255 1383 2308 ED-

570 2343 623 2392 6.
664 2340 724 2390 Iu
763 2355 995 2407 purpura.
1026 2335 1205 2404 Quum
1238 2334 1503 2387 murrhini

490 2437 609 2471 area
652 2417 732 2470 vel
771 2432 1037 2486 purpurea
1078 2412 1145 2464 sit
1165 2451 1180 2477 ,
1229 2412 1313 2465 vel
1354 2411 1506 2467 lactei

489 2496 683 2550 coloris
706 2493 863 2548 simul
888 2512 948 2545 ac
971 2492 1311 2545 rubescentis.
1337 2493 1407 2544 H.
1426 2524 1506 2536 —

490 2577 552 2628 Iu
564 2593 777 2645 purpura
793 2611 809 2637 ‚
831 2584 919 2625 aut
938 2572 1204 2624 rubescente
1225 2571 1396 2624 lacteo.
1419 2571 1507 2625 Sic

491 2654 647 2707 MSS.
661 2669 861 2706 omnes.
882 2650 1027 2706 Editi
1043 2664 1313 2722 corrupte,
1339 2675 1361 2696 ι
1381 2669 1510 2722 pnr-

492 2751 624 2804 pura
656 2733 993 2794 rubescente‚
1032 2743 1123 2782 ant
1152 2729 1287 2782 lacte
1313 2729 1507 2782 cande-

492 2823 688 2864 scente.
716 2835 738 2857 ι
758 2809 1023 2873 Isidorus,
1046 2807 1141 2879 qui
1161 2807 1305 2860 hunc
1330 2808 1509 2862 locum

493 2889 715 2942 totidem
762 2889 963 2960 alioqui
1003 2887 1180 2939 verbis
1221 2887 1471 2958 expressit
1488 2919 1506 2946 ‚

491 2987 645 3022 voces
684 2986 769 3021 eas
808 2968 1026 3020 omnino
1066 2965 1309 3036 neglexit.
1345 2992 1367 3014 ι
1398 2967 1510 3020 Va·

492 3048 649 3101 rietas
666 3047 809 3118 ejus,
831 3046 1033 3118 inquit,
1058 3044 1211 3116 Orig.
1233 3046 1330 3096 lib.
1355 3045 1508 3109 XVI,

493 3146 611 3197 cap.
640 3143 735 3190 η,
777 3123 833 3178 in
872 3142 1162 3196 purpuram
1197 3122 1505 3176 candorem-

492 3223 629 3278 que,
666 3216 719 3257 et
752 3203 965 3274 ignem,
1018 3221 1141 3256 cum
1188 3201 1505 3273 quibusdam

490 3285 732 3340 colorum
775 3281 1285 3354 repercussionibus,
1330 3281 1510 3354 quales

493 3365 549 3418 in
574 3361 768 3416 caelesti
793 3379 918 3416 arcu
936 3373 1248 3436 spectantur.
1281 3385 1304 3407 ι
1334 3361 1400 3412 Η.
1428 3391 1508 3402 -

494 3445 873 3513 Igneseentem...
904 3445 953 3493 ἱη
986 3459 1220 3510 purpura.
1253 3439 1397 3491 Brot.
1443 3457 1506 3491 ex

492 3522 649 3576 MSS.
688 3523 851 3593 Regg.
886 3541 946 3584 a,
982 3519 1049 3583 3,
1084 3518 1149 3580 5,
1186 3520 1253 3582 6,
1284 3529 1336 3570 et
1374 3515 1503 3570 edit.

494 3603 663 3670 princ.
679 3623 700 3643 κ
718 3601 1034 3670 ignescente,
1048 3596 1211 3650 veluti
1226 3613 1324 3665 per
1344 3607 1508 3650 trans·

490 3681 623 3735 itum
652 3679 868 3740 coloris,
906 3692 1159 3746 purpura.
1192 3701 1212 3720 ι
1244 3675 1345 3725 En.

568 3777 619 3828 7.
649 3757 859 3810 smiles.
886 3755 1173 3826 Depressa.
1200 3753 1386 3806 Iliun.

569 3841 623 3894 8.
656 3837 844 3908 Aliqua
864 3845 913 3885 et
939 3838 988 3884 in
1018 3833 1179 3886 odore.
1206 3832 1251 3883 E
1278 3831 1506 3884 mun-rhi-

482 3915 566 3971 nis
594 3913 860 3988 calycibus
896 3911 1014 3966 vina
1042 3913 1297 3982 potabant
1318 3949 1333 3976 ,
1356 3908 1502 3983 quod

479 4013 541 4046 ex
581 3993 673 4046 illo
718 3992 851 4046 vasis
889 4009 1082 4062 genere
1120 3989 1396 4064 gratiorem
1436 4009 1496 4045 ea

1602 2022 1964 2090 :Myr-rhina:
1989 2021 2044 2074 Si
2067 2025 2296 2080 calidum
2325 2039 2500 2096 potas,
2521 2047 2609 2081 ar-

1595 2099 1740 2152 denti
1764 2101 1979 2172 myrrha
1999 2103 2222 2157 Falerno
2241 2105 2532 2159 Convenit:
2555 2119 2608 2158 et

1593 2179 1788 2232 melior
1813 2179 1873 2232 fit
1899 2199 2054 2253 sapor
2073 2182 2198 2236 inde
2220 2203 2378 2238 mero.
2409 2209 2431 2230 ι
2471 2184 2540 2237 Η.

1671 2258 1772 2312 ῙΧ.
1813 2277 1860 2312 1.
1892 2259 2151 2314 Contraria
2192 2264 2301 2315 Ιιιιὶσ
2325 2283 2468 2316 causa
2501 2283 2610 2334 cry*-

1591 2337 1788 2390 stallum
1799 2339 1950 2404 facit.
1975 2341 2059 2395 Ad
2077 2343 2298 2394 verbum
2318 2343 2429 2396 haic
2447 2341 2610 2396 Isido-

1593 2435 1715 2482 rus,
1746 2417 1846 2472 loc.
1877 2418 1967 2472 cit.
1997 2419 2063 2472 Et
2089 2437 2202 2489 cap.
2233 2439 2340 2473 x111
2371 2443 2382 2474 :
2418 2447 2441 2469 ι
2471 2422 2606 2493 Cry-

1591 2495 1778 2548 stallus
1796 2497 2134 2567 resplendens
2153 2511 2204 2550 et
2221 2515 2447 2568 aquosus
2461 2501 2610 2552 eolo·

1593 2591 1670 2626 re.
1711 2573 1966 2626 Traditur
2009 2575 2158 2644 quod
2199 2576 2292 2628 nix
2337 2577 2404 2630 sit
2439 2579 2610 2647 glacie

1593 2650 1777 2704 durata
1805 2669 1903 2721 per
1929 2669 2120 2705 annos.
2146 2651 2304 2706 Unde
2333 2667 2386 2708 et
2410 2673 2610 2710 nomen

1593 2731 1642 2782 ei
1671 2729 1844 2784 Groeci
1873 2728 2083 2784 dedere.
2116 2757 2138 2780 a·
2167 2731 2359 2786 Statius
2388 2735 2518 2788 item
2547 2737 2606 2788 in

1591 2808 1944 2880 Epithalamio
1963 2809 2162 2863 Stella:
2194 2837 2217 2860 ι
2237 2814 2480 2886 Raraque
2501 2815 2612 2867 lon-

1591 2888 1750 2960 govis
1795 2889 2006 2942 nivibus
2059 2892 2300 2962 crystalla
2348 2893 2529 2962 gelati.
2577 2919 2600 2940 ι

1595 2967 1790 3021 Seneca
1835 2969 2070 3020 Natural.
2115 2984 2296 3042 quaest.
2351 2972 2445 3024 lib.
2493 2972 2609 3036 111,

1595 3063 1711 3116 cap.
1759 3045 1827 3099 ²5
1858 3063 1872 3098 τ
1909 3073 1932 3094 ι
1966 3047 2100 3112 Quis
2129 3068 2240 3102 non
2283 3049 2610 3122 gravissimas

1593 3143 1702 3178 esse
1733 3142 1890 3195 aquas
1925 3125 2104 3179 credat
2121 3166 2137 3195 ,
2162 3147 2278 3200 quae
2311 3129 2364 3180 in
2390 3129 2606 3199 crystal-

1593 3202 1703 3258 lum
1745 3203 1979 3256 coeunt?
2026 3205 2226 3260 Contra
2265 3220 2439 3261 autem
2478 3219 2556 3261 est
2589 3226 2603 3260 :

1595 3282 1912 3336 tenuissimis
1938 3284 2078 3338 enim
2111 3286 2214 3340 hoc
2247 3287 2451 3352 evenit,
2478 3305 2608 3358 quas

1593 3361 1756 3432 frigus
1768 3363 1838 3414 ob
1851 3363 2016 3435 ipsam
2034 3364 2340 3420 tenuitatem
2361 3366 2609 3420 facillime

1593 3441 1749 3512 gelat.
1799 3441 1956 3494 Unde
2003 3455 2175 3496 autem
2219 3445 2310 3498 fiat
2349 3444 2609 3516 ejusmodi

1589 3519 1754 3590 lapis,
1777 3520 1919 3593 apud
1943 3521 2156 3576 Grecos
2173 3543 2237 3577 ex
2255 3525 2370 3596 ipso
2389 3524 2608 3578 nomine

1593 3612 1827 3671 apparet.
1861 3601 2140 3672 Κρὺςαλλον
2172 3603 2314 3655 enim
2337 3603 2611 3673 appellant

1593 3697 1740 3750 oque
1781 3677 1929 3734 hunc
1963 3679 2298 3751 perlucidum
2337 3681 2608 3752 lapidem,

1591 3776 1751 3828 quam
1789 3758 1932 3812 illam
1969 3761 2220 3831 glaciem,
2251 3777 2314 3812 ex
2347 3776 2450 3828 qua
2489 3759 2606 3816 fleri

1592 3833 1864 3902 creditur,
1913 3850 2011 3892 etc.
2042 3865 2064 3886 ι
2099 3834 2316 3892 Basilius
2359 3855 2608 3910 quoque,

1589 3915 1775 3968 homil.
1817 3917 1932 3982 111,
1967 3916 2022 3968 in
2062 3914 2307 3968 Hexaem.
2345 3933 2464 3988 pag.
2511 3917 2604 3978 34.

1587 3993 1854 4051 Diodorus
1905 3993 2138 4058 Siculus,
2189 3995 2330 4048 Bibl.
2378 3995 2470 4050 lib.
2515 3995 2572 4047 11
2591 4034 2610 4062 ,
