2975 4684
457 404 592 476 108

988 407 1064 478 C.
1113 411 1442 481 PLINII
1492 411 1715 480 NAT.
1768 347 2020 479 1118212

449 537 726 610 Praelata
767 554 921 610 sunt
969 557 1302 637 argentea.
1346 547 1605 614 Primus
1658 545 1817 614 fecit
1876 537 2263 612 Praxiteles¹
2244 530 2293 572 ¹⁴
2338 543 2565 638 Magni

449 647 742 741 Pompeii
763 661 971 716 aetate.
1009 651 1277 780 Nuper¹⁵
1273 650 1449 721 credi
1475 665 1808 744 emptum,
1840 649 2189 718 certiorem
2217 649 2562 744 imaginem

451 751 668 836 reddi,
703 775 868 822 auro
904 741 1277 850 opposito¹⁵
1321 758 1588 826 aversis.

555 860 804 929 XLVI.
841 861 1066 953 Tingit
1095 875 1163 930 et
1187 864 1509 961 AEgyptus
1552 873 1933 955 argentum,
1968 875 2044 930 ut
2078 861 2145 927 in
2182 862 2352 929 vasis
2390 865 2563 928 Anu-

453 962 644 1034 bem¹
665 987 856 1033 suum
877 981 1159 1060 spectet3
1190 970 1531 1063 pingitque
1548 1022 1567 1054 ‚
1592 991 1727 1036 non
1744 965 1931 1036 caelat
1954 981 2321 1060 argentum.
2340 969 2571 1034 Trans-

453 1070 510 1138 it
561 1069 714 1138 inde
768 1073 1039 1140 materia
1093 1088 1160 1142 et
1208 1073 1294 1142 ad
1347 1072 1779 1202 triumphales
1836 1085 2120 1159 statuas;
2158 1073 2567 1164 mirumque,

451 1176 690 1244 crescit
743 1178 1026 1270 pretium
1097 1177 1373 1274 fulgoris
1431 1175 1779 1250 excaecati²
1786 1231 1800 1246 .

1860 1178 1939 1246 Id
2011 1191 2231 1247 autem
2294 1177 2373 1245 fit
2440 1178 2568 1246 hoc

451 1281 691 1350 modo.
725 1283 1090 1352 miscentur
1127 1301 1402 1382 argento
1435 1270 1681 1356 tertiae³
1714 1285 1861 1354 aeris
1902 1286 2129 1378 Cyprii
2161 1285 2567 1361 tenuissimi,

451 1385 632 1481 quod
683 1392 1100 1459 coronaiium
1156 1407 1433 1477 vocant,
1488 1406 1555 1460 et
1620 1389 1956 1488 sulphuris
2026 1391 2192 1472 vivi,
2250 1404 2565 1484 quantum

449 1494 724 1587 argenti.
771 1495 1167 1568 Conssantur
1203 1500 1294 1567 ita
1329 1499 1398 1566 in
1427 1496 1611 1568 fictili
1646 1496 2013 1567 circumlito
2048 1442 2294 1590 argilla.
2328 1495 2570 1563 Modus

452 1599 813 1694 coquendi,
863 1602 1076 1672 donec
1113 1629 1182 1673 se
1216 1607 1357 1699 ipsa
1391 1591 1745 1700 opercula⁴
1786 1603 2104 1696 aperiant.
2143 1603 2471 1697 Nigiescit
2506 1615 2571 1668 et

454 1707 564 1773 ovi
611 1705 900 1775 indurati
943 1705 1162 1792 luteo„
1208 1724 1284 1778 ut
1323 1725 1547 1778 tamen
1596 1723 1783 1778 aceto
1832 1723 1899 1777 et
1954 1723 2135 1777 creta
2177 1691 2549 1776 deteratur⁵
2556 1759 2568 1772 .

300 1874 313 1886 ,
389 1841 418 1874 2
455 1811 728 1879 Miscuit
784 1811 1058 1882 denario
1123 1816 1428 1883 triumvir
1486 1815 1815 1883 Antonius
1872 1813 2138 1881 ferrum.
2206 1815 2573 1881 Miscentur

453 1900 620 1985 aera⁶
663 1913 841 1984 falsae
877 1934 1179 1987 monetae.
1225 1919 1350 1987 Alii
1384 1943 1422 1987 e
1467 1918 1759 2013 pondere
1793 1919 2229 2002 subtrahunt,
2260 1941 2460 2010 quum
2492 1919 2572 1984 sit

445 2019 736 2114 justum⁷
775 2047 1044 2092 Lxxxlv
1081 2049 1120 2092 e
1161 2022 1340 2093 libris
1371 2025 1633 2120 signari.
1676 2025 1887 2118 Igitur
1921 2047 2029 2092 ars
2066 2023 2237 2092 facta
2270 2021 2570 2090 denarios

453 2126 779 2220 probare,
831 2142 964 2198 tam
994 2129 1290 2223 jucunda
1325 2128 1468 2225 lege
1518 2128 1723 2225 plebi,
1767 2143 1843 2198 ut
1882 2115 2136 2198 Mario⁸
2182 2127 2571 2197 Gratidiano

537 2295 628 2354 14.
673 2291 961 2346 Praxiteles.
999 2293 1079 2346 De
1117 2309 1182 2346 eo
1215 2292 1467 2360 inferius,

451 2388 570 2440 esp.
603 2367 692 2424 55.
721 2370 901 2424 Huni).

540 2449 628 2503 15.
677 2452 820 2503 Λευ-υ
863 2453 1081 2520 apposito
1130 2457 1305 2506 mersis
1357 2445 1470 2520 (sic

453 2525 640 2600 prius).
676 2529 756 2582 Ut
790 2541 975 2584 nostro
1005 2532 1196 2585 uculo
1231 2533 1472 2588 venetiis

451 2609 716 2662 bracteam
741 2621 1040 2679 argenteam
1077 2611 1256 2666 viu-eis
1281 2631 1470 2684 specu-

453 2687 517 2740 lis
537 2704 716 2740 aversa
741 2687 798 2740 in
821 2702 968 2759 purte
987 2689 1308 2762 impingunt.
1333 2696 1467 2746 Du..

455 2799 534 2810 -
560 2767 815 2837 oppaeieo.
858 2768 946 2822 Sic
985 2771 1116 2841 Reg.
1161 2792 1226 2834 α,
1259 2784 1310 2824 et
1346 2771 1468 2835 alii,

454 2865 568 2900 non
604 2850 823 2917 apposito
851 2867 872 2901 .·
906 2849 1010 2902 hoc
1053 2863 1162 2914 est,
1195 2851 1252 2904 in
1293 2869 1470 2906 aversa

455 2940 606 2996 parte
626 2926 823 2998 posito.
849 2927 918 2980 H.
951 2959 1027 2970 -—
1061 2929 1212 2984 Cruda·
1237 2944 1472 3002 captain,

455 3018 559 3060 etc.
585 3006 766 3072 Falso·
791 3006 892 3061 nisi
933 3025 998 3061 ex
1035 3009 1230 3063 lamina
1272 3010 1474 3082 argenti

453 3086 755 3138 tenuissime
780 3088 992 3156 specula
1017 3089 1222 3142 flerent.
1243 3091 1351 3144 Eo.

533 3165 733 3220 XLVI.
765 3183 814 3220 1.
837 3166 1075 3220 Anubem.
1097 3171 1470 3241 AEgyptiorum

453 3242 586 3297 deus
614 3234 816 3306 Ᾰνουῧις
838 3259 942 3308 est,
963 3263 1122 3317 quem
1143 3248 1470 3303 Mercurium

454 3340 564 3376 esse
590 3324 744 3376 multi
765 3326 976 3379 volunt.
1002 3325 1250 3381 Canino
1235 3348 1280 3382 ns
1303 3329 1473 3399 capite

454 3403 510 3455 in
553 3403 784 3456 nummis
815 3405 1010 3475 vulgo,
1035 3405 1125 3460 sed
1152 3408 1317 3472 falso,
1355 3427 1470 3461 ere·

455 3482 622 3536 ditur.
653 3483 830 3538 Hui).

541 3581 590 3616 a.
634 3563 864 3633 Fulget-is
893 3570 1140 3619 macuti.
1177 3566 1468 3620 obscurio·

455 3641 531 3696 ris
558 3643 734 3696 minus
757 3644 901 3698 olari.
933 3644 1114 3698 Hnn.

537 3721 592 3778 3.
617 3723 810 3778 Tertia.
825 3723 1168 3796 subintellige
1183 3737 1374 3796 partes.
1397 3725 1468 3778 H.

457 3833 535 3844 --
553 3801 794 3858 Gronov.
815 3816 868 3858 et
893 3805 975 3856 Al.
995 3817 1116 3858 ante
1139 3803 1304 3860 Hand.
1327 3809 1470 3858 tertia

449 3901 570 3950 pare
593 3887 721 3936 aris.
741 3881 845 3936 En.

539 3966 590 4023 4.
626 3963 884 4030 opercula.
915 3963 1136 4018 Fictilia.
1168 3965 1347 4018 Hann.
1391 3997 1404 4016 ι

539 4039 589 4091 5.
639 4040 762 4094 Ut...
791 4057 926 4096 aceto
959 4056 1006 4096 et
1049 4057 1178 4098 creta
1207 4046 1466 4098 deteratur.

1554 2293 1765 2350 Scilicet
1802 2295 1954 2348 abeat
1992 2292 2213 2365 nigredo
2261 2311 2339 2348 en.
2391 2293 2569 2346 unu.

1638 2379 1690 2429 6.
1738 2375 2005 2427 Ma'scentur
2049 2393 2165 2426 cem.
2204 2373 2290 2427 Sic
2330 2374 2457 2442 Reg.
2505 2393 2567 2438 ας

1554 2473 1696 2518 non,
1738 2467 1797 2507 ut
1830 2453 1886 2506 in
1923 2453 2072 2506 libris
2108 2453 2361 2506 hactenus
2385 2451 2572 2516 editis,

1557 2535 1760 2588 Miscuit
1786 2537 1885 2586 oen'.
1917 2533 2097 2585 Hann.

1640 2633 1693 2683 7.
1724 2615 1883 2681 Quum
1898 2617 1966 2664 sit
1974 2615 2187 2682 justum,
2212 2623 2313 2664 etc.
2334 2612 2479 2676 Quot
2504 2629 2569 2663 ex

1558 2693 1675 2746 nuri
1704 2693 1839 2746 libi-a
1875 2691 2213 2746 Constantini
2249 2691 2427 2761 Magni
2458 2709 2571 2743 evo

1558 2773 1703 2824 aurei
1740 2770 1895 2825 solidi
1938 2770 2153 2823 flebant.
2187 2771 2368 2824 Tacite
2402 2768 2573 2844 carpit

1558 2865 1743 2905 auctor
1762 2852 1857 2905 aevi
1883 2851 1965 2904 sui
1998 2867 2227 2916 morem,
2250 2849 2573 2920 minimeque

1558 2929 1617 2983 id
1662 2943 1777 2984 tum
1828 2933 1912 3001 agi
1963 2929 2249 3000 significat,
2298 2927 2443 3000 quod
2487 2931 2574 2998 jus

1560 3009 1865 3080 postularet.
1888 3011 1967 3062 Ea
1988 3020 2136 3062 aetnte
2160 3022 2305 3061 certe
2326 3009 2573 3061 imminu-

1560 3101 1677 3143 tum
1704 3088 2041 3150 denariorum
2074 3087 2313 3159 pondus,
2340 3089 2437 3159 qui
2470 3100 2573 3139 tra-

1560 3181 1704 3223 ctant
1734 3171 1846 3240 ejus
1884 3169 1984 3220 avi
2020 3169 2369 3231 numismata,
2404 3168 2574 3238 probe

1558 3261 1777 3302 norunt.
1822 3247 2040 3300 Interim
2079 3248 2133 3298 in
2174 3247 2335 3301 libras
2374 3250 2573 3318 justum

1559 3328 1717 3382 fuisse
1740 3325 1931 3398 signari
1960 3325 2206 3380 denarios
2228 3345 2305 3392 tv,
2332 3340 2381 3379 et
2407 3343 2540 3394 nxxx
2558 3363 2573 3388 ,

1560 3409 1749 3462 Celsus
1766 3425 1981 3478 quoque
1998 3405 2269 3471 admonet,
2284 3425 2347 3459 cu
2350 3408 2433 3476 jus
2455 3421 2575 3457 ver·
2586 3425 2602 3431 ·

1558 3482 1623 3540 ba
1645 3487 1921 3540 retulimus
1951 3487 2080 3539 xxl
2096 3525 2111 3552 ,
2134 3505 2252 3556 cap.
2284 3485 2378 3538 ult.
2400 3485 2577 3537 Theo-

1557 3565 1693 3620 dosii
1734 3565 1913 3637 Magni
1951 3584 2063 3619 nvo
2102 3565 2177 3620 sie
2210 3563 2507 3618 detractum
2546 3581 2577 3614 e

1558 3643 1801 3716 pondere
1828 3647 2013 3710 fuisse,
2044 3658 2103 3698 ut
2124 3663 2189 3698 ex
2218 3645 2415 3714 argenti
2441 3643 2576 3694 libra

1556 3725 1801 3797 sexageni
1833 3724 1997 3779 modo
2036 3725 2241 3778 denarii
2280 3722 2577 3777 conflaren-

1557 3818 1665 3868 tur,
1692 3825 1756 3858 ex
1794 3805 1959 3876 ipsius
1998 3805 2376 3858 constitutione
2417 3798 2575 3853 disci-

1560 3905 1700 3950 mus,
1748 3885 1886 3940 cod.
1929 3883 2136 3937 Theod.
2192 3884 2316 3946 XV,
2364 3882 2450 3933 tit.
2500 3899 2574 3947 9,

1561 3987 1581 4010 ι
1604 3967 1647 4017 1.
1678 3963 1747 4018 de
1773 3963 2016 4034 expensis
2044 3961 2315 4015 ludorum.
2352 3985 2374 4008 ι
2412 3959 2475 4012 11.

1642 4047 1693 4098 8.
1726 4045 1909 4097 Mario.
1934 4045 2131 4098 Seneca
2144 4039 2213 4096 de
2235 4041 2328 4103 ira,
2355 4040 2458 4100 111,
2490 4041 2577 4100 18,
