2975 4684
1072 422 1378 491 LIBER
1425 421 1801 494 XXXIII.

2370 415 2500 488 115

379 555 686 650 reliquit:
717 555 1022 648 idemque
1057 577 1262 648 quum
1305 555 1389 624 de
1430 556 1649 624 Poenis
1687 551 2161 647 triumpharet,
2215 565 2503 646 quatuor

376 659 616 732 millia²
649 683 966 732 cchxxx
1008 659 1234 755 pondo
1282 658 1631 731 transtulit.
1678 663 1826 730 Hoc
1869 659 2124 752 argenti
2166 671 2304 726 tota
2346 659 2502 727 Car·

375 768 580 863 thago
601 767 864 854 habuit,
903 765 1012 835 illa
1040 782 1366 838 terrarum
1386 765 1651 854 aemula,
1654 779 1841 861 quot
1868 787 2242 835 mensarum
2272 777 2503 859 postea

374 888 695 970 apparatu
739 875 917 942 victa
935 859 996 940 ³!
1040 871 1401 942 Numantia
1443 873 1708 969 quidem
1752 871 2001 957 deleta,
2044 870 2218 940 idem
2259 870 2503 941 Africa-

375 1057 591 1127 χρυσίου.
655 1055 942 1127 ·Argenti
993 1055 1157 1109 libras
1215 1075 1400 1122 xxxn,

351 1137 493 1205 ⁸utari
534 1134 680 1189 duas.
705 1161 728 1182 ι
771 1141 970 1188 Auctor
1013 1135 1136 1188 libri
1169 1133 1240 1188 de
1277 1136 1399 1188 Vir.

271 1254 286 1268 .
374 1215 543 1268 Illust.
580 1216 680 1284 58,
729 1213 951 1268 totidem
991 1214 1200 1285 argenti
1239 1213 1400 1268 libras

377 1293 536 1347 fuisse
572 1295 645 1348 ait
680 1317 692 1346 ε
727 1295 841 1347 auri
877 1292 1008 1346 duas
1041 1304 1094 1344 et
1133 1293 1400 1347 selibram.

377 1371 467 1427 Al>
489 1375 595 1427 boc
613 1375 862 1444 Scipione
885 1372 1140 1425 Africano
1170 1373 1406 1425 AEmilia·

375 1471 448 1506 no
471 1452 624 1506 duxit
650 1453 912 1526 originem
930 1491 946 1513 ,
973 1451 1064 1521 qui
1085 1451 1242 1522 longe
1263 1463 1406 1520 post-

377 1549 438 1585 ea
478 1532 582 1585 fnit
615 1545 843 1602 uterque
875 1529 1182 1584 Gordianus
1208 1529 1405 1582 Africa·

377 1629 540 1664 canus
592 1612 862 1680 Augustus
902 1626 916 1661 :
961 1625 1136 1678 neque
1187 1608 1328 1660 enim
1377 1627 1406 1660 a

377 1689 597 1760 regione
607 1687 768 1742 natali
795 1686 1065 1754 Africanus
1088 1686 1296 1758 aliquia,
1313 1685 1405 1742 sed

381 1769 514 1835 Aser
544 1767 708 1822 latine
734 1765 1018 1820 diceretur.
1045 1767 1280 1820 Africani
1319 1784 1406 1820 co·

381 1863 617 1917 gnomen
674 1859 754 1899 est
806 1864 835 1899 ι
891 1845 1108 1915 regione
1167 1846 1402 1900 subacta.

381 1926 675 1997 Utriusque
713 1943 996 1978 nummum
1033 1942 1200 1976 unum
1232 1944 1296 1977 ex
1323 1945 1404 1978 ar-

375 2017 536 2076 gento
557 2007 874 2078 singularem
897 2001 1130 2057 vidimus
1148 2024 1162 2054 t
1191 2004 1245 2056 in
1264 2006 1403 2074 prio-

379 2103 439 2138 re
455 2097 606 2156 parte
635 2084 854 2138 nomine
878 2095 930 2144 et
960 2084 1110 2136 vultu
1135 2083 1298 2156 patris
1319 2085 1402 2137 in-

387 2166 619 2236 sculpto:
655 2183 784 2218 111³.
821 2181 886 2216 ιι.
921 2181 1044 2216 mr.
1071 2180 1400 2216 uonmuws.

386 2261 508 2297 un.
547 2263 667 2297 Avo.
706 2243 876 2315 capite
907 2243 1148 2295 laureato
1176 2261 1189 2295 τ
1221 2243 1274 2294 in
1309 2262 1404 2314 po-

381 2325 623 2386 steriore,
649 2323 748 2376 filii
775 2321 932 2374 vultu
968 2337 1147 2374 :cana
1179 2339 1242 2374 n.
1274 2340 1400 2375 uir.

381 2417 704 2457 conmnws.
743 2421 861 2456 Ara.
896 2418 1020 2454 nc.
1051 2401 1148 2452 Ille
1175 2399 1405 2454 Gordia-

381 2500 482 2537 nus
518 2501 547 2536 a
577 2483 760 2555 priore
805 2499 1004 2544 uxore,
1041 2480 1326 2533 Africanus
1373 2499 1402 2533 a

381 2573 531 2634 patre
585 2561 758 2616 dictus
781 2577 796 2616 ε
837 2561 934 2612 iste
989 2559 1296 2613 Gordianus
1340 2576 1402 2613 ex

381 2653 580 2707 matre,
604 2641 882 2694 Africanus
895 2657 959 2692 ex
977 2651 1128 2709 patre
1148 2653 1202 2693 et
1227 2658 1326 2692 avo
1351 2651 1406 2692 et

383 2721 565 2773 atavis.
607 2721 763 2774 Pater
811 2725 1066 2789 &viper-ator
1110 2719 1400 2772 scribitur:

385 2798 526 2851 filius
561 2799 633 2851 ob
660 2799 1008 2851 reverentiam
1034 2799 1198 2869 patris
1227 2798 1404 2869 capite

387 2875 535 2929 nudo
594 2889 697 2942 est,
747 2887 801 2928 et
847 2893 912 2928 eo
949 2876 1104 2928 titulo
1158 2877 1395 2930 abstinet.

387 2949 569 3008 Unu'm
613 2955 754 3008 enim
785 2971 894 3007 esse
931 2953 990 3004 in
1025 2973 1135 3006 uno
1163 2955 1402 3008 exercitu

385 3035 763 3106 imperatorem
795 3033 1064 3087 convenit.
1097 3034 1281 3105 Itaque
1311 3035 1402 3086 hie

387 3127 594 3168 tantum
618 3113 790 3168 caesar
808 3125 884 3166 est
906 3131 920 3166 ε
947 3111 1042 3166 sed
1063 3111 1205 3166 idem
1227 3125 1401 3166 tamen

383 3196 666 3265 Augustus,
697 3195 768 3246 ob
809 3193 1044 3263 regimen
1101 3193 1401 3264 provincia-

385 3293 532 3340 rum,
561 3272 707 3347 quod
737 3271 1072 3326 hereditario
1099 3275 1219 3344 jure
1255 3289 1401 3344 gere·

383 3367 480 3408 ret.
515 3353 735 3408 Nummi
772 3353 931 3422 buius
962 3353 1239 3423 singularis
1282 3350 1398 3405 effi-

382 3433 520 3504 giem
558 3435 614 3486 in
650 3452 768 3486 cera
792 3451 1084 3504 expressam
1121 3433 1393 3485 habemus.

385 3513 450 3565 In
474 3513 590 3567 aliis
601 3512 834 3566 nummis
850 3513 984 3578 suis,
1009 3530 1156 3584 aeque
1175 3529 1234 3565 ac
1247 3523 1400 3582 pater

383 3609 509 3647 mr.
561 3592 851 3664 imperator
893 3589 1104 3644 dicitur.
1130 3593 1396 3643 veremur

385 3683 560 3725 tamen
585 3671 657 3725 ob
679 3689 796 3725 eam
813 3671 978 3742 ipsam
1006 3688 1234 3732 causam,
1252 3667 1398 3741 quod

386 3753 655 3824 Augustus
699 3751 790 3804 bic
828 3747 1141 3819 appellatur,
1185 3767 1284 3802 uec
1323 3761 1400 3802 ta-

387 3847 508 3884 men
528 3849 658 3886 nn».
674 3828 822 3903 quod
839 3827 1058 3882 abillius
1075 3827 1250 3882 saculi
1270 3847 1399 3882 con·

388 3911 662 3966 suetudine
703 3909 989 3973 abhorret;
1025 3926 1290 3975 veremur,
1322 3909 1402 3961 in·

389 4005 547 4059 quam
565 4023 582 4050 ‚
621 4009 690 4044 ne
723 4009 823 4044 nos
850 3987 1054 4060 species
1081 4001 1135 4042 et
1162 3988 1404 4062 elegam,

390 4079 444 4120 et
473 4067 538 4120 ad
563 4067 966 4124 similitudinem
989 4067 1263 4125 vetustatis
1285 4087 1406 4139 pro·

1483 1057 1627 1109 xime
1656 1054 1909 1109 accedens
1946 1054 2157 1107 nummi
2185 1052 2385 1108 fabrica
2414 1049 2507 1105 de-

1487 1136 1720 1206 ceperit;
1747 1135 1919 1205 sitque
1947 1152 2129 1186 recens
2158 1134 2249 1186 ille
2274 1146 2327 1185 et
2355 1131 2507 1186 adnl-

1483 1215 1721 1280 terinus;
1784 1213 1937 1266 fictus
1982 1212 2051 1265 ab
2111 1211 2503 1266 inconsiderato

1485 1311 1835 1346 nummorum
1874 1290 2227 1344 adulteratore
2246 1329 2261 1358 ,
2290 1291 2385 1360 qui
2415 1307 2509 1343 ne·

1487 1374 1645 1424 sciret
1670 1371 1999 1426 Gordianum
2035 1369 2204 1422 filium
2222 1409 2236 1434 ,
2266 1385 2417 1440 aeque
2444 1385 2508 1422 ac

1487 1462 1693 1520 patrem
1719 1451 1776 1501 in
1794 1450 1900 1502 suis
1924 1449 2153 1502 nummis
2170 1467 2279 1500 esse
2300 1465 2510 1518 semper

1492 1545 1616 1582 ιιι».
1640 1530 2034 1599 imperatorem.
2056 1529 2137 1580 Ex
2155 1525 2337 1581 eadem
2358 1538 2511 1597 gente

1489 1607 1597 1662 ruit
1630 1620 1812 1678 postea
1838 1619 1893 1661 et
1918 1625 2042 1660 mr.
2074 1625 2221 1660 cans.
2255 1623 2513 1661 snmus-

1457 1689 1605 1740 Ἱππ.
1632 1706 1681 1740 r.
1716 1705 1767 1739 r.
1802 1703 1931 1739 na.
1954 1685 2138 1740 Hum.

1573 1785 1626 1818 2.
1659 1767 1849 1837 Quater
1878 1765 2051 1817 millia.
2082 1767 2229 1818 Brot.
2264 1783 2328 1818 ex
2354 1761 2507 1817 MSS.

1487 1845 1652 1918 Regg.
1678 1843 1808 1899 edit.
1832 1844 2077 1917 principe
2095 1857 2148 1898 et
2166 1844 2245 1900 Cl.
2266 1841 2511 1898 Durand.

1486 1938 1693 1997 quatuor
1722 1925 1893 1978 millia.
1925 1923 2030 1978 En.

1568 2003 1620 2058 3.
1663 2005 1797 2075 Quot
1818 2023 2082 2056 mensarum
2098 2015 2269 2074 postea
2295 2021 2507 2074 appara-

1488 2097 1540 2136 tu
1582 2088 1709 2136 victa
1728 2091 1749 2136 !
1792 2082 2061 2156 Significat
2098 2083 2288 2136 multas
2322 2095 2510 2155 postea

1485 2163 1643 2217 fuisse
1657 2181 1861 2216 mensas
1879 2165 2078 2227 Romae,
2097 2162 2153 2215 in
2179 2163 2377 2234 quibus
2396 2161 2509 2214 sin·

1485 2241 1621 2313 gulis
1642 2243 1762 2313 plus
1787 2244 1951 2296 fuerit
1976 2242 2177 2312 argenti
2208 2242 2507 2312 expositum

1483 2338 1581 2393 per
1610 2323 1863 2377 solemnia
1894 2319 2167 2386 convivia,
2192 2337 2351 2391 quam
2379 2333 2510 2374 tuuc

1484 2401 1761 2454 redactum
1800 2415 1875 2455 est
1902 2421 1965 2454 ex
1992 2399 2151 2453 totius
2176 2399 2509 2470 Carthaginis

1487 2481 1696 2552 opibus.
1723 2483 1831 2533 Aut
1869 2482 1910 2532 si
1941 2479 2007 2534 de
2030 2479 2251 2551 singulis
2278 2479 2507 2532 nimium

1487 2571 1593 2625 est,
1632 2577 1919 2631 paucarum
1962 2556 2257 2612 admodum
2310 2575 2509 2612 mensa-

1485 2657 1608 2692 rum
1641 2652 1953 2708 apparatum
1987 2641 2169 2692 Romae
2190 2638 2506 2693 luxuriantis

1486 2717 1607 2788 plus
1663 2719 1900 2772 effecisse
1956 2717 2213 2772 librarum
2267 2719 2501 2789 argenti,

1485 2815 1643 2870 quam
1676 2811 1790 2850 tum
1819 2799 2071 2869 temporis
2096 2799 2267 2850 omnis
2290 2797 2505 2855 Cartba-

1483 2896 1567 2947 8⁰·
1586 2877 1703 2931 Lib.
1727 2877 1985 2944 xxxvl,
2012 2883 2075 2933 15
2100 2896 2112 2929 :
2150 2877 2259 2931 «M.
2278 2875 2506 2946 Lepido,

1485 2957 1556 3022 Q.
1580 2957 1774 3010 Catulo
1789 2975 1917 3009 coss.
1936 2968 1997 3010 ut
2011 2969 2215 3010 constat
2232 2955 2371 3008 inter
2389 2955 2506 3009 dili-

1482 3037 1815 3106 gentissimos
1850 3047 2122 3100 auctores,
2156 3033 2349 3088 domus
2382 3037 2506 3107 pul·

1483 3115 1665 3168 chrior
1681 3135 1791 3168 non
1810 3115 1912 3167 fuit
1934 3116 2141 3180 Romae,
2164 3133 2323 3185 quam
2342 3117 2505 3190 Lepi-

1474 3193 1541 3247 *di
1577 3195 1783 3266 ipsius:
1816 3206 1867 3246 at
1904 3194 2121 3247 hercule
2159 3193 2298 3248 intra
2338 3215 2504 3252 anuos

1483 3291 1623 3326 xxxv
1681 3271 1861 3326 eadem
1920 3265 2264 3327 centesimum
2321 3277 2505 3332 locum

1481 3373 1594 3406 non
1646 3353 1892 3408 obtinuit.
1942 3351 2229 3424 Computet
2284 3356 2341 3408 in
2396 3359 2499 3416 hac

1484 3431 1831 3485 aestimatione
1847 3469 1864 3498 ‚
1880 3432 1971 3504 qui
1994 3434 2157 3499 volet,
2173 3453 2505 3489 marmorum

1485 3514 1680 3564 molem
1694 3551 1709 3580 ,
1723 3531 1883 3583 opera
1906 3513 2173 3584 pictorum
2194 3553 2209 3578 ,
2231 3515 2503 3586 impendia

1483 3592 1673 3664 regalia
1688 3632 1703 3658 ,
1728 3602 1780 3644 et
1805 3611 1927 3645 cum
1949 3593 2305 3664 pulcherrima
2326 3591 2503 3646 lauda-

1482 3672 1788 3743 tissimaque
1845 3685 2103 3726 certantes
2152 3685 2363 3724 centum
2410 3670 2503 3725 do-

1486 3771 1629 3816 mos,
1661 3765 1943 3824 posteaque
1980 3771 2066 3804 eas
2099 3751 2166 3803 ab
2190 3750 2498 3803 innumera-

1484 3831 1682 3886 bilibus
1711 3831 1825 3886 aliis
1848 3831 1905 3884 in
1927 3831 2073 3883 hunc
2097 3829 2237 3882 diem
2262 3827 2439 3882 victas.
2471 3855 2495 3878 D

1487 3909 1652 3965 Addit
1672 3911 1995 3964 Numantino
2020 3907 2291 3980 triumpho
2303 3906 2505 3979 Scipio.

1487 4009 1614 4044 nem
1652 3989 1877 4062 singulis
1904 3986 2159 4040 militibus
2193 3985 2506 4042 donativum

1492 4083 1693 4139 septem
1713 4067 1958 4121 denarios
1978 4065 2238 4121 tribuisse.
2263 4066 2445 4121 Gnosi.

2171 4163 2240 4236 3,
