2975 4684
846 411 1508 585 C.PLIN11
1584 459 2274 600 SECUNDJ‘

520 706 1560 862 NATURALIS
1626 737 2560 870 HISTORIAE
2637 871 2642 877 ,

1092 1001 1508 1092 LIBER
1583 999 2015 1088 XXXV.

484 1443 539 1510 Ι.
572 1385 1197 1522 hil-:rumetum
1230 1437 1468 1530 quibus
1506 1461 1667 1531 opes
1707 1451 2046 1522 constant,
2083 1442 2611 1531 agnascentium—
2659 1481 2682 1516 ι

480 1572 615 1640 que
654 1545 783 1614 eis¹
826 1559 1063 1612 natura
1104 1543 1391 1612 indicata
1434 1544 1918 1636 propemodum
1961 1558 2114 1612 est:
2163 1545 2253 1612 ita
2299 1553 2612 1619 connexis

483 1653 724 1734 rebuS‚
768 1665 843 1718 ut
884 1651 1201 1717 immensa
1242 1649 1583 1717 medicinae
1629 1650 1824 1736 silva,
1875 1647 2460 1744 officinarumque²
2518 1669 2612 1723 te-

480 1758 727 1840 nebi-ae,
756 1769 823 1824 et
848 1780 1109 1824 morosa
1140 1739 1443 1830 caelandi³
1460 1741 1933 1849 fingendique⁴‚
1961 1779 2038 1824 ac
2062 1745 2382 1850 tingendi⁵
2400 1760 2610 1830 subti-

482 1861 629 1932 litas
666 1859 861 1932 simul
904 1860 1301 1930 dicerentur.
1356 1863 1640 1930 Restant
1673 1875 1864 1930 terrae
1909 1862 2112 1955 ipsius
2157 1887 2398 1958 genera
2447 1864 2608 1960 lapi-

478 1968 805 2062 dumque,
830 1963 933 2034 vel
960 1967 1414 2034 numerosiore
1448 1967 1654 2050 serie,
1682 1965 1982 2061 plurimis
2007 1967 2259 2062 singula
2289 1995 2328 2036 a
2359 1971 2608 2041 Graecis

480 2077 812 2169 praeeipue
848 2071 1295 2140 voluminibus
1326 2085 1626 2140 tractata.
1667 2074 1857 2141 Nos
1839 2098 1906 2140 in
1946 2073 2023 2140 iis
2061 2071 2456 2144 brevitatem
2499 2103 2606 2146 se-

479 2205 757 2274 quemur
794 2177 1022 2248 utilem
1056 2180 1335 2248 instituti
1374 2163 1614 2246 modo⁶
1618 2177 1842 2265 ,nihil
1871 2182 2311 2248 necessarium
2349 2197 2464 2252 aut
2489 2208 2604 2252 na-

478 2285 687 2354 turale
707 2287 1105 2354 omittentes,
1136 2273 1241 2374 (1.)
1276 2285 1698 2378 Primumque
1721 2284 2018 2354 dicemus
2053 2311 2200 2378 quae
2240 2301 2489 2356 restant
2519 2287 2603 2357 de
2643 2321 2669 2354 ι

478 2391 775 2484 pictura,
812 2405 952 2459 arte
986 2388 1321 2483 quondam
1360 2389 1601 2477 nobili,
1646 2405 1806 2459 tunc
1855 2415 2061 2484 quum
2110 2406 2530 2486 expeteretur
2560 2419 2598 2462 a

480 2497 744 2591 regibus
794 2495 1217 2590 populisque,
1274 2511 1341 2564 et
1384 2493 1531 2564 illos
1585 2495 2002 2583 nobilitante,
2054 2522 2220 2590 quos
2275 2513 2448 2567 esset
2495 2500 2600 2567 di-

474 2602 711 2732 gnata⁷
751 2604 1029 2723 posteris
1060 2602 1366 2670 tradere.
1404 2625 1584 2670 nunc
1613 2625 1794 2697 vero
1803 2602 1872 2668 in
1901 2607 2120 2672 totum
2156 2605 2598 2675 marmoribus

476 2694 697 2800 pulsa⁸
700 2763 720 2796 ‚
749 2709 885 2802 Jam
924 2706 1187 2802 quidem
1234 2721 1301 2776 et
1332 2732 1538 2792 auro;
1579 2731 1702 2776 nec
1746 2722 2004 2776 tantum
2041 2724 2117 2778 ut
2153 2713 2433 2802 parietes
2475 2713 2602 2780 toti

551 2900 597 2951 1.
636 2918 685 2952 ι.
716 2901 1184 2970 Agnmoentiumque
1213 2902 1299 2951 sis.
1334 2901 1481 2952 Brot.
1574 2900 1791 2954 Frustra
1807 2898 2090 2953 Pintianua
2105 2903 2444 2972 conjiciebat,
2462 2905 2602 2958 «uti-

446 2993 537 3032 'ex
562 2979 693 3048 neg.
724 2975 776 3039 3,
802 2981 1181 3050 maxentiumque
1212 2982 1263 3029 in
1282 2978 1367 3030 eis.
1399 2979 1486 3033 sio
1574 2979 1677 3033 lem
1704 2979 1945 3032 instituto
1967 3000 1980 3028 ε
2012 2977 2174 3032 modo
2193 2982 2332 3034 nihil
2359 2999 2596 3038 necessa-

470 3076 630 3129 supra
656 3055 865 3118 ,Plinius
888 3056 984 3108 lib.
1014 3056 1273 3120 xxxm,
1300 3075 1347 3112 c.
1375 3058 1447 3111 36
1464 3077 1481 3112 ε
1573 3061 1712 3111 rium
1732 3098 1748 3124 ,
1775 3071 1874 3112 etc.
1905 3083 1929 3105 ι
1963 3059 2032 3110 Η.
2059 3089 2138 3102 -·
2160 3061 2308 3113 Brot.
2337 3079 2408 3114 ex
2437 3062 2590 3118 MSS.

478 3162 501 3183 0
527 3139 585 3192 in
634 3134 752 3189 auri
799 3147 853 3188 et
888 3135 1093 3206 argenti
1130 3136 1355 3190 metallis
1390 3155 1486 3190 na·
1572 3139 1732 3210 Regg.
1775 3159 1804 3190 2
1846 3152 1898 3191 et
1937 3137 2000 3202 3,
2033 3140 2193 3190 utilem
2228 3143 2448 3196 instituto
2459 3164 2482 3206 ‚·
2505 3145 2595 3196 Ιιοο

468 3229 687 3270 suuntur
712 3215 869 3268 etiam
888 3215 1175 3284 pigmenta.
1200 3241 1224 3263 n·
1258 3217 1363 3270 En.
1574 3217 1714 3270 modo
1730 3253 1748 3280 ‚
1773 3228 1874 3269 etc.
1906 3217 2010 3269 En.

550 3317 601 3351 α.
658 3293 1086 3365 officinarumque.
1148 3294 1485 3350 Medicorum
1656 3315 1706 3365 7.
1740 3297 1874 3365 Quos
1903 3307 2022 3348 esset
2051 3297 2277 3366 dignata,
2303 3311 2406 3354 etc.
2437 3301 2590 3366 Quo-

470 3373 705 3439 inscitia,
738 3372 809 3426 de
846 3393 950 3444 qua
987 3374 1127 3428 libro
1152 3393 1267 3445 sup.
1296 3394 1345 3428 o.
1378 3375 1447 3430 25
1466 3413 1485 3440 ,
1574 3393 1694 3428 rum
1752 3375 1984 3445 effigiem
2047 3377 2252 3446 pictura
2307 3381 2591 3437 censuisset

472 3465 525 3506 et
546 3455 819 3515 XXXIII,
852 3455 947 3508 38.
978 3453 1163 3507 Hsnn.
1575 3456 1800 3524 posteris
1831 3453 2160 3509 tradendam.
2191 3457 2373 3511 Ham).

549 3529 951 3588 &Calandszssit
964 3546 1205 3605 argento,
1228 3533 1485 3591 xxxm,
1659 3535 1715 3587 8.
1749 3535 1896 3587 Num·
1921 3555 2039 3588 vero
2073 3538 2121 3586 in
2154 3549 2302 3588 totum
2342 3541 2592 3588 momori-

471 3609 562 3668 55.
596 3611 795 3666 Cisehr,
821 3612 1004 3667 uino.
1570 3612 1656 3666 bns
1679 3613 1842 3683 pulsa.
1869 3615 2025 3670 Nunc
2051 3633 2178 3668 vero
2200 3615 2354 3668 cessit
2378 3615 2588 3685 pictura

548 3696 599 3753 4.
615 3691 962 3763 Fingendc'que.
991 3691 1069 3746 Ex
1088 3708 1211 3754 mre,
1224 3691 1485 3757 XXXIV,
1571 3695 1922 3747 marmoribus
1935 3733 1952 3760 ,
1970 3695 2130 3747 etiam
2151 3703 2204 3744 et
2230 3711 2362 3744 auro
2377 3731 2394 3756 ,
2422 3719 2444 3742 ι
2467 3693 2586 3764 qui·-

470 3789 523 3837 9.
556 3771 738 3824 Hsnn.
1570 3774 1670 3826 bus
1695 3774 1801 3840 jam
1831 3774 2059 3845 parietes
2082 3771 2394 3834 vestiuntur,
2429 3793 2452 3817 ι
2479 3790 2584 3824 ne-

548 3851 600 3904 5.
628 3852 707 3904 Ac
746 3849 979 3918 tingendi.
1018 3849 1309 3902 Cinnabari
1330 3887 1347 3912 ,
1382 3850 1483 3902 mi·
1571 3871 1676 3923 que
1697 3852 1773 3905 ita
1805 3853 1978 3905 solum
2005 3863 2062 3903 ut
2087 3848 2314 3918 parietes
2359 3853 2463 3902 toti
2498 3869 2586 3904 so·

464 3925 685 3999 nioque,
710 3927 987 3992 XXXIII,
1016 3929 1087 3982 36
1110 3945 1187 3998 sq.
1218 3929 1396 3983 Hum.
1571 3931 1668 3984 lito
1711 3949 1974 3984 marmore
2016 3930 2318 3995 integuntur
2355 3949 2366 3979 ς
2397 3947 2587 3985 verum

542 4009 593 4058 6.
632 4009 809 4060 Utilem
841 4011 1049 4060 instituet·
1074 4008 1231 4062 modo.
1266 4009 1477 4064 Rationi
1567 4012 1726 4062 etiam
1771 4023 1830 4062 ut
1867 4011 2152 4061 intes-secto
2185 4009 2438 4062 marmori
2471 4029 2588 4082 seg-

460 4086 721 4156 propositi
774 4087 941 4140 nostri
1004 4085 1473 4148 aemmmodntam..
1567 4101 1744 4141 menta
1783 4088 1882 4138 ulis
1925 4089 2242 4148 inserantur,
2277 4085 2402 4158 «jue
2447 4091 2588 4144 refe-

2211 4193 2324 4264 18²
