2975 4684
1041 424 1774 495 LIBER-xxxvl.

2322 428 2468 516 435

353 582 558 657 gnare
583 562 903 655 inciperet
919 614 936 645 ‚
958 558 1090 629 hoc
1115 573 1215 629 est
1230 614 1249 643 ,
1272 557 1669 653 Olympiade
1695 560 1957 630 circiter
1974 586 2037 630 L.
2058 562 2115 631 Ii
2130 563 2476 659 Sicyonem

355 692 425 737 se
449 666 786 737 contulere
802 721 821 754 ‚
845 690 990 759 quae
1013 666 1126 734 diu
1149 664 1273 734 fuit
1291 664 1708 734 officinarum
1738 668 2030 735 omnium
2062 669 2477 743 metallorum

357 774 586 867 patria.
609 776 914 843 Deorum
949 771 1388 866 quorumdam
1426 770 1772 840 simulacra
1811 770 2069 867 publice
2102 775 2483 847 locaverant

357 881 675 973 Sicyonii,
703 903 848 974 quae
874 881 1054 974 prius
1077 902 1272 973 quam
1302 876 1837 963 absolverentur,
1865 879 2149 950 artifices
2175 884 2479 976 injuriam

357 987 568 1079 questi
607 985 910 1055 abierunt
950 988 1019 1054 in
1055 983 1322 1053 AEtolos.
1371 986 1683 1052 Protinus
1718 971 2103 1077 Sicyonem³
2144 987 2347 1057 fames
2385 990 2483 1057 in·

358 1092 528 1161 vasit
557 1116 634 1161 ac
665 1091 996 1175 sterilitaS,
1039 1114 1414 1184 moerorque
1443 1090 1644 1158 dirus.
1688 1089 2077 1159 Remedium
2114 1094 2486 1184 petentibus

361 1196 597 1291 Apollo
615 1200 885 1292 Pythius
903 1196 1270 1267 affuturum
1285 1183 1310 1227 ⁴

1335 1196 1709 1291 respondit,
1742 1198 1794 1264 si
1823 1196 2146 1289 Dipoenus
2164 1213 2231 1265 et
2260 1198 2489 1293 Scyllis

359 1302 634 1372 deorum
679 1303 1026 1372 simulacra
1067 1301 1517 1396 perfecissent.
1544 1301 1745 1390 Quod
1774 1302 2036 1396 magnis
2078 1304 2491 1374 mercedibus

359 1408 824 1503 obsequiisque
862 1410 1285 1501 impetratum
1340 1421 1456 1475 est.
1506 1410 1716 1475 Fuere
1764 1422 1982 1475 autem
2031 1408 2379 1479 simulacra
2416 1434 2495 1478 ea

361 1514 682 1609 Apollinis
699 1500 745 1600 ⁵,
769 1498 1054 1599 Dianae⁶‚
1079 1509 1402 1597 HercuIiS,
1429 1514 1788 1600 Minervae,
1810 1512 1990 1605 quod
2020 1539 2055 1581 e
2079 1513 2236 1583 caelo
2267 1528 2493 1610 postea

363 1634 613 1689 tactum
651 1632 769 1686 est.

468 1712 594 1815 (V.)
627 1724 854 1812 Quum
889 1722 934 1791 ii
957 1736 1226 1805 essent,
1253 1723 1386 1815 jam
1428 1722 1693 1791 fuerant
1722 1725 1791 1792 in
1826 1723 1999 1793 Chio
2034 1724 2245 1795 insula
2274 1724 2486 1795 Malas

359 1828 848 1925 sculptor‚dein
869 1827 1042 1897 filius
1065 1828 1204 1921 ejus
1226 1828 1607 1910 Micciades,
1636 1853 1713 1897 ac
1736 1828 1971 1897 deinde
1997 1854 2203 1925 nepos
2222 1832 2501 1900 Anther·

363 1934 545 2005 mus⁷
585 1935 832 2021 Chius,
877 1934 1066 2026 cujus
1111 1932 1227 2002 filii
1265 1932 1555 2027 Bupalus
1592 1948 1660 2001 et
1691 1922 2133 2005 Anthermus⁸
2158 1935 2498 2007 clarissimi

311 2106 316 2111 '
359 2094 474 2161 ejus
500 2110 566 2145 ex
591 2090 702 2144 filia
730 2106 929 2159 nepos,
964 2107 1028 2141 ex
1049 2102 1198 2159 patre
1225 2088 1382 2142 Cam·

361 2173 490 2241 hyse
521 2172 676 2224 Persa
691 2208 708 2233 ,
734 2168 998 2223 successit.
1019 2167 1203 2221 Han.

447 2252 499 2305 3.
541 2249 810 2321 Siqonem.
847 2247 1016 2301 Gron.
1057 2260 1110 2301 et
1145 2246 1228 2301 Al.
1263 2259 1386 2300 ante

364 2328 526 2383 Hard.
555 2329 821 2395 Sicrom‘os.
853 2329 956 2379 En.

450 2415 503 2471 4.
527 2408 832 2475 Affueurum.
859 2404 1006 2457 Hanc
1029 2422 1212 2459 vocem
1238 2404 1382 2457 Brot.

365 2506 434 2539 ex
461 2486 612 2540 MSS.
639 2488 808 2557 chg.
843 2496 895 2537 et
931 2482 1060 2537 edit.
1092 2484 1262 2555 princ.
1293 2482 1388 2535 de-

365 2566 459 2619 let.
488 2568 594 2620 En.

451 2644 503 2700 ⁵.
541 2644 804 2716 Apollinis.
843 2639 909 2696 Id
940 2642 1282 2695 simulacrum
1323 2641 1390 2693 ab

371 2724 618 2795 Scyllidis
643 2722 962 2793 Dipoenique
995 2720 1271 2791 discipulis
1301 2721 1393 2770 ab·

371 2804 605 2855 solutum
644 2800 804 2854 tradit
852 2801 1077 2853 Pausan.
1120 2800 1260 2851 libro
1303 2798 1393 2850 cit.

369 2894 502 2954 pag.'
523 2884 652 2943 146.
677 2878 860 2931 nnn.

455 2966 512 3017 6.
547 2958 742 3010 Diana.
779 2958 860 3008 De
889 2956 974 3007 his
1001 2954 1252 3025 operibus
1273 2953 1396 3007 Cle-

371 3058 523 3093 mens
545 3034 827 3090 Alexandr.
853 3034 956 3086 loc.
983 3034 1068 3086 cit.
1097 3036 1278 3093 Σκύλης
1311 3034 1396 3086 καὶ

377 3123 594 3177 Aiunt-soc
619 3116 973 3185 ὠνομαζὲσθην.
992 3116 1161 3165 Τοὺτω
1179 3108 1238 3165 δὲ
1258 3110 1322 3164 τὰ
1347 3114 1392 3164 ἰν

374 3190 522 3271 quu
548 3200 648 3249 τοῖν
678 3194 971 3263 Διοσκούροιν
1006 3194 1276 3262 ἀγάλματα
1309 3210 1398 3244 κα-

376 3278 709 3340 τισκιῦασαν,
745 3274 828 3327 καὶ
859 3274 941 3324 τὸν
971 3273 1019 3324 ἐν
1048 3276 1236 3342 Τίρυνθι
1264 3262 1398 3342 Ηρα-

375 3361 536 3419 κλίους
564 3352 838 3426 ἀνδρίαντα
856 3392 871 3417 ,
899 3352 982 3403 καὶ
1006 3352 1062 3403 τὸ
1089 3358 1176 3411 τῆς
1205 3358 1397 3403 Μουνυ-

374 3440 485 3507 χῖας
537 3430 812 3507 Aprili-ido:
867 3431 1030 3494 ξόανον
1083 3432 1130 3482 ἐν
1178 3436 1396 3482 Σικυῶνι.

385 3542 408 3565 ι
441 3516 621 3588 Scyles
655 3526 708 3567 et
743 3512 1006 3583 Dipoenus
1028 3510 1393 3563 vocabantur:

378 3597 474 3669 qni
509 3609 562 3648 et
589 3592 846 3664 imagines
877 3589 1112 3642 Castoris
1139 3600 1190 3641 et
1216 3588 1399 3640 Pollu-

377 3675 481 3739 cis,
521 3692 642 3747 quae
685 3684 810 3726 sunt
848 3668 1033 3738 Argis,
1077 3682 1130 3721 et
1169 3666 1399 3737 effigiem

381 3754 646 3816 Herculis,
668 3771 786 3823 quae
803 3763 882 3802 est
897 3748 1162 3817 Tirynthe
1176 3784 1192 3811 ,
1213 3760 1265 3799 ct
1283 3746 1400 3798 Mu-

378 3834 583 3905 nychiae
609 3832 794 3885 Diana
830 3829 886 3881 in
915 3826 1142 3899 Sicyone
1168 3838 1398 3879 statuam

379 3912 633 3966 fecerunt.
667 3936 689 3958 ι
720 3911 902 3964 Hun.

464 4010 517 4060 7.
563 3992 870 4043 Anthemus.
928 3986 1076 4039 Brot.
1130 4003 1192 4038 cx
1235 3984 1399 4057 Regg.

377 4066 538 4123 codd.
576 4088 642 4134 ι,
672 4071 726 4137 3,
754 4080 808 4121 et.
835 4064 964 4121 odit.
991 4064 1266 4137 principe,
1297 4064 1397 4117 Ar-

1469 2088 1713 2153 chermus,
1766 2091 1917 2157 cujus.
1982 2090 2054 2142 Et
2104 2092 2279 2145 statim
2333 2111 2457 2148 mox
2476 2132 2489 2151 ‚

1469 2168 1707 2231 Athenis,
1763 2188 1870 2220 non
1908 2169 2228 2239 Anthemus,
2277 2185 2335 2225 ut
2381 2174 2497 2244 ipse

1471 2246 1640 2301 Har-d.
1668 2248 1727 2299 in
1754 2246 1989 2301 editione
2016 2268 2107 2301 sua
2130 2250 2325 2319 priore.
2352 2252 2454 2305 En.

1556 2328 1608 2379 8.
1636 2326 1858 2397 Bupalus
1887 2338 1935 2379 et
1960 2329 2271 2383 Anthemius.
2306 2330 2496 2402 Bupali

1471 2404 1715 2457 meminit
1756 2404 2036 2461 Pausanias
2060 2408 2118 2460 in
2144 2409 2497 2475 Messeniacis,

1472 2502 1594 2554 pag.
1641 2490 1772 2552 274,
1810 2496 1861 2536 et
1900 2486 1957 2537 in
1992 2488 2158 2540 Boeot.
2196 2504 2313 2559 pag.
2354 2491 2497 2557 596;

1474 2558 1757 2614 Athenidis
1789 2560 2001 2626 Suidas,
2039 2566 2201 2619 verbo
2242 2558 2493 2631 Ῐππῶναξ.

1475 2640 1565 2693 Sic
1599 2642 1742 2691 enim
1780 2642 2010 2711 appellat
2048 2664 2147 2715 pro
2184 2646 2495 2701 Anthemio.

1477 2716 1727 2771 Horatius
1759 2719 1939 2790 Epod.
1964 2740 2128 2775 carm.
2152 2724 2261 2791 VI,
2296 2724 2497 2797 Hippo-

1475 2816 1579 2851 nax
1595 2835 1611 2860 ‚
1642 2816 1753 2848 acet·
1770 2798 1918 2850 hostis
1938 2800 2147 2869 Bupalo.
2168 2832 2251 2843 —-
2266 2805 2353 2858 Sic
2370 2806 2497 2859 libri

1478 2894 1663 2929 omnes
1712 2890 1825 2929 tum
1885 2896 2043 2931 manu
2090 2880 2299 2935 ‘exarati
2320 2921 2336 2948 ,
2384 2898 2499 2937 tum

1478 2952 1643 3020 editi,
1680 2974 1713 3007 a
1744 2956 2108 3011 vetustissimis
2145 2958 2215 3012 ad
2242 2963 2496 3017 recentis-

1479 3035 1638 3087 simos
1666 3055 1681 3084 ε
1712 3035 1905 3103 quibus
1928 3036 2156 3107 proinde
2186 3040 2347 3093 tutius
2382 3060 2499 3095 cre-

1481 3110 1758 3183 das‚quam
1777 3113 2074 3187 Suidae,qui
2086 3136 2187 3188 pro
2198 3118 2510 3189 Anthemio,

1479 3191 1643 3244 habet
1660 3192 1997 3249 Athenidem.
2036 3196 2123 3248 Sic
2152 3199 2293 3251 enim
2335 3202 2501 3255 verbo

1481 3264 1750 3333 Ῐππώναξ·
1790 3272 1971 3342 Γράφει
1996 3270 2057 3326 81
2094 3278 2211 3345 πρὸς
2248 3280 2499 3333 Βούπαλον

1482 3348 1565 3403 καὶ
1594 3340 1793 3415 Kome-e,
1821 3352 2249 3425 ἀγαλματοποιοὺς
2268 3397 2283 3422 ,
2317 3358 2391 3411 ὅτι
2416 3361 2503 3412 ωὐ-

1483 3434 1569 3482 vos
1610 3431 1795 3491 εἰκόνας
1850 3432 1970 3509 πρὸς
2016 3431 2150 3503 ὕῧριν
2190 3437 2501 3509 εἰργάσαντο.

1492 3534 1515 3557 ι
1546 3510 1766 3579 Scripsit
1787 3510 2069 3583 Hipponax
2090 3513 2145 3566 in
2169 3515 2429 3585 Bupalum
2453 3526 2506 3567 et

1485 3586 1805 3647 Athenidem
1856 3594 2161 3654 statuarios,
2199 3591 2347 3663 quod
2387 3611 2507 3647 suas

1487 3666 1741 3738 imagines
1765 3668 1821 3719 in
1850 3669 2018 3741 ipsius
2043 3671 2414 3723 contumeliam
2439 3669 2509 3723 se-

1485 3748 1695 3801 cissent.
1724 3772 1747 3794 ι
1797 3749 1969 3812 Quam
2008 3767 2172 3819 porro
2212 3750 2511 3801 carminum

1485 3826 1895 3880 amaritudinem
1920 3826 2242 3879 distrinxisse
2258 3828 2313 3879 in
2340 3830 2511 3899 Bupa-

1485 3906 1599 3959 lum
1620 3907 1859 3978 aliosque
1878 3904 2202 3958 adversarios
2227 3906 2509 3978 Hipponax

1487 4006 1527 4039 a
1545 3986 1721 4038 Plinio
1748 3986 1852 4037 hoc
1884 3982 2003 4036 loco
2032 3982 2243 4049 dicitur,
2274 4002 2335 4037 ea
2360 4004 2509 4057 egre-

1485 4064 1572 4135 gie
1584 4064 1898 4135 suggillatur
1910 4060 2225 4132 quibusdam
2246 4064 2509 4136 epigram-

2194 4186 2233 4229 2
2242 4160 2316 4230 8²
