<?xml version="1.0" encoding="UTF-8"?>
<!DOCTYPE html PUBLIC "-//W3C//DTD XHTML 1.0 Transitional//EN"
    "http://www.w3.org/TR/xhtml1/DTD/xhtml1-transitional.dtd">
<html xmlns="http://www.w3.org/1999/xhtml" xml:lang="en" lang="en">
 <head>
  <title>
</title>
<meta http-equiv="Content-Type" content="text/html;charset=utf-8" />
  <meta name='ocr-system' content='tesseract 3.04.00' />
  <meta name='ocr-capabilities' content='ocr_page ocr_carea ocr_par ocr_line ocrx_word'/>
</head>
<body>
  <div class='ocr_page' id='page_1' title='image "./historinaturali00mgoog_0617.png"; bbox 0 0 2975 4684; ppageno 0'>
   <div class='ocr_carea' id='block_1_1' title="bbox 554 359 2130 458">
    <p class='ocr_par' dir='ltr' id='par_1_1' title="bbox 554 359 2130 458">
     <span class='ocr_line' id='line_1_1' title="bbox 554 359 2130 458; baseline -0.003 -26"><span class='ocrx_word' id='word_1_1' title='bbox 554 360 697 432; x_wconf 85' lang='lat'><strong>608</strong></span> <span class='ocrx_word' id='word_1_2' title='bbox 1086 361 1550 458; x_wconf 57' lang='lat' dir='ltr'><strong>C.PL1N11</strong></span> <span class='ocrx_word' id='word_1_3' title='bbox 1601 363 1812 432; x_wconf 85' lang='lat' dir='ltr'><strong>NAT.</strong></span> <span class='ocrx_word' id='word_1_4' title='bbox 1871 359 2130 429; x_wconf 91' lang='lat' dir='ltr'><strong>HIST.</strong></span> 
     </span>
    </p>
   </div>
   <div class='ocr_carea' id='block_1_2' title="bbox 550 489 2676 2490">
    <p class='ocr_par' dir='ltr' id='par_1_2' title="bbox 550 489 2676 1752">
     <span class='ocr_line' id='line_1_2' title="bbox 558 489 2676 614; baseline 0.001 -50"><span class='ocrx_word' id='word_1_5' title='bbox 558 519 698 564; x_wconf 87' lang='lat' dir='ltr'><strong>esse</strong></span> <span class='ocrx_word' id='word_1_6' title='bbox 716 489 1001 562; x_wconf 89' lang='lat' dir='ltr'><strong>tradunt.</strong></span> <span class='ocrx_word' id='word_1_7' title='bbox 1024 493 1319 568; x_wconf 87' lang='lat' dir='ltr'><strong>Tertium</strong></span> <span class='ocrx_word' id='word_1_8' title='bbox 1348 491 1568 562; x_wconf 88' lang='lat' dir='ltr'><strong>locum</strong></span> <span class='ocrx_word' id='word_1_9' title='bbox 1589 492 1900 614; x_wconf 84' lang='lat' dir='ltr'><strong>AEgyptii⁷</strong></span> <span class='ocrx_word' id='word_1_10' title='bbox 1918 492 2167 561; x_wconf 87' lang='lat' dir='ltr'><strong>habent</strong></span> <span class='ocrx_word' id='word_1_11' title='bbox 2185 542 2204 576; x_wconf 91' lang='lat'><strong>‚</strong></span> <span class='ocrx_word' id='word_1_12' title='bbox 2219 493 2330 588; x_wconf 83' lang='lat' dir='ltr'><strong>qui</strong></span> <span class='ocrx_word' id='word_1_13' title='bbox 2343 509 2676 567; x_wconf 89' lang='lat' dir='ltr'><strong>eruuntur</strong></span> 
     </span>
     <span class='ocr_line' id='line_1_3' title="bbox 556 583 2670 716; baseline 0.001 -46"><span class='ocrx_word' id='word_1_14' title='bbox 556 603 731 670; x_wconf 88' lang='lat' dir='ltr'><strong>circa</strong></span> <span class='ocrx_word' id='word_1_15' title='bbox 754 601 1018 692; x_wconf 89' lang='lat' dir='ltr'>Copton</span> <span class='ocrx_word' id='word_1_16' title='bbox 1047 597 1360 716; x_wconf 90' lang='lat' dir='ltr'><strong>oppidum</strong></span> <span class='ocrx_word' id='word_1_17' title='bbox 1387 599 1792 668; x_wconf 82' lang='lat' dir='ltr'><strong>Thebaidis</strong></span> <span class='ocrx_word' id='word_1_18' title='bbox 1777 625 1843 668; x_wconf 83' lang='lat' dir='ltr'><strong>in</strong></span> <span class='ocrx_word' id='word_1_19' title='bbox 1876 583 2176 668; x_wconf 82' lang='lat' dir='ltr'><strong>collibus⁸</strong></span> <span class='ocrx_word' id='word_1_20' title='bbox 2179 651 2200 686; x_wconf 92' lang='lat'><strong>,</strong></span> <span class='ocrx_word' id='word_1_21' title='bbox 2236 625 2315 668; x_wconf 83' lang='lat' dir='ltr'><strong>ex</strong></span> <span class='ocrx_word' id='word_1_22' title='bbox 2339 602 2670 673; x_wconf 88' lang='lat' dir='ltr'><strong>cautibus.</strong></span> 
     </span>
     <span class='ocr_line' id='line_1_4' title="bbox 558 701 2676 803; baseline 0.002 -28"><span class='ocrx_word' id='word_1_23' title='bbox 558 704 833 798; x_wconf 82' lang='lat' dir='ltr'><strong>Reliqua</strong></span> <span class='ocrx_word' id='word_1_24' title='bbox 848 701 1153 796; x_wconf 85' lang='lat' dir='ltr'><strong>genera⁹</strong></span> <span class='ocrx_word' id='word_1_25' title='bbox 1134 727 1205 774; x_wconf 85' lang='grc' dir='ltr'><strong>ιιι</strong></span> <span class='ocrx_word' id='word_1_26' title='bbox 1230 702 1505 774; x_wconf 84' lang='lat' dir='ltr'><strong>metallis</strong></span> <span class='ocrx_word' id='word_1_27' title='bbox 1521 707 1760 774; x_wconf 78' lang='lat' dir='ltr'><strong>aerariis</strong></span> <span class='ocrx_word' id='word_1_28' title='bbox 1781 706 2221 774; x_wconf 87' lang='lat' dir='ltr'><strong>inveniuntur.</strong></span> <span class='ocrx_word' id='word_1_29' title='bbox 2244 709 2676 803; x_wconf 80' lang='lat' dir='ltr'><strong>Quapropter</strong></span> 
     </span>
     <span class='ocr_line' id='line_1_5' title="bbox 561 809 2675 905; baseline 0.003 -28"><span class='ocrx_word' id='word_1_30' title='bbox 561 810 999 905; x_wconf 86' lang='lat' dir='ltr'><strong>principatum</strong></span> <span class='ocrx_word' id='word_1_31' title='bbox 1056 833 1136 881; x_wconf 83' lang='lat' dir='ltr'><strong>ex</strong></span> <span class='ocrx_word' id='word_1_32' title='bbox 1181 809 1257 877; x_wconf 88' lang='lat' dir='ltr'><strong>iis</strong></span> <span class='ocrx_word' id='word_1_33' title='bbox 1316 811 1542 902; x_wconf 81' lang='lat' dir='ltr'><strong>Cyprii</strong></span> <span class='ocrx_word' id='word_1_34' title='bbox 1585 810 1884 892; x_wconf 76' lang='lat' dir='ltr'><strong>obtinent</strong></span> <span class='ocrx_word' id='word_1_35' title='bbox 1924 836 1939 877; x_wconf 73' lang='grc' dir='ltr'>ε</span> <span class='ocrx_word' id='word_1_36' title='bbox 1999 809 2248 902; x_wconf 86' lang='lat' dir='ltr'><strong>dosque</strong></span> <span class='ocrx_word' id='word_1_37' title='bbox 2295 837 2526 882; x_wconf 84' lang='lat' dir='ltr'><strong>eorum</strong></span> <span class='ocrx_word' id='word_1_38' title='bbox 2571 829 2675 884; x_wconf 87' lang='lat' dir='ltr'><strong>est</strong></span> 
     </span>
     <span class='ocr_line' id='line_1_6' title="bbox 556 912 2675 1013; baseline 0.003 -31"><span class='ocrx_word' id='word_1_39' title='bbox 556 939 679 984; x_wconf 91' lang='lat' dir='ltr'><strong>nec</strong></span> <span class='ocrx_word' id='word_1_40' title='bbox 716 916 781 982; x_wconf 91' lang='lat' dir='ltr'><strong>in</strong></span> <span class='ocrx_word' id='word_1_41' title='bbox 822 912 1043 983; x_wconf 91' lang='lat' dir='ltr'><strong>colore</strong></span> <span class='ocrx_word' id='word_1_42' title='bbox 1074 912 1319 1008; x_wconf 89' lang='lat' dir='ltr'><strong>liquido</strong></span> <span class='ocrx_word' id='word_1_43' title='bbox 1344 968 1363 998; x_wconf 92' lang='lat'>‚</span> <span class='ocrx_word' id='word_1_44' title='bbox 1399 940 1522 985; x_wconf 89' lang='lat' dir='ltr'><strong>nec</strong></span> <span class='ocrx_word' id='word_1_45' title='bbox 1558 914 1764 984; x_wconf 89' lang='lat' dir='ltr'><strong>diluto</strong></span> <span class='ocrx_word' id='word_1_46' title='bbox 1789 969 1807 1000; x_wconf 92' lang='lat'><strong>,</strong></span> <span class='ocrx_word' id='word_1_47' title='bbox 1843 939 2075 984; x_wconf 86' lang='lat' dir='ltr'><strong>verum</strong></span> <span class='ocrx_word' id='word_1_48' title='bbox 2111 940 2190 984; x_wconf 83' lang='lat' dir='ltr'><strong>ex</strong></span> <span class='ocrx_word' id='word_1_49' title='bbox 2218 917 2492 986; x_wconf 88' lang='lat' dir='ltr'><strong>humido</strong></span> <span class='ocrx_word' id='word_1_50' title='bbox 2529 922 2675 1013; x_wconf 88' lang='lat' dir='ltr'><strong>piu-</strong></span> 
     </span>
     <span class='ocr_line' id='line_1_7' title="bbox 554 1019 2668 1116; baseline 0.002 -28"><span class='ocrx_word' id='word_1_51' title='bbox 554 1022 697 1116; x_wconf 86' lang='lat' dir='ltr'><strong>gui‚</strong></span> <span class='ocrx_word' id='word_1_52' title='bbox 747 1044 1004 1113; x_wconf 86' lang='lat' dir='ltr'><strong>quaque</strong></span> <span class='ocrx_word' id='word_1_53' title='bbox 1044 1021 1499 1114; x_wconf 84' lang='lat' dir='ltr'><strong>perspiciatur,</strong></span> <span class='ocrx_word' id='word_1_54' title='bbox 1545 1023 1844 1092; x_wconf 81' lang='lat' dir='ltr'><strong>imitante</strong></span> <span class='ocrx_word' id='word_1_55' title='bbox 1885 1019 2356 1092; x_wconf 86' lang='lat' dir='ltr'><strong>translucidum</strong></span> <span class='ocrx_word' id='word_1_56' title='bbox 2376 1022 2424 1046; x_wconf 84' lang='lat'><strong>¹⁰</strong></span> <span class='ocrx_word' id='word_1_57' title='bbox 2451 1048 2668 1094; x_wconf 76' lang='lat' dir='ltr'><strong>mare:</strong></span> 
     </span>
     <span class='ocr_line' id='line_1_8' title="bbox 554 1125 2668 1221; baseline 0.001 -26"><span class='ocrx_word' id='word_1_58' title='bbox 554 1127 927 1221; x_wconf 84' lang='lat' dir='ltr'><strong>pariterque</strong></span> <span class='ocrx_word' id='word_1_59' title='bbox 955 1125 1465 1196; x_wconf 85' lang='lat' dir='ltr'><strong>translucentem</strong></span> <span class='ocrx_word' id='word_1_60' title='bbox 1495 1125 1782 1218; x_wconf 72' lang='lat' dir='ltr'><strong>colorem</strong></span> <span class='ocrx_word' id='word_1_61' title='bbox 1816 1125 2167 1220; x_wconf 86' lang='lat' dir='ltr'><strong>expellit¹¹,</strong></span> <span class='ocrx_word' id='word_1_62' title='bbox 2209 1142 2279 1196; x_wconf 92' lang='lat' dir='ltr'><strong>et</strong></span> <span class='ocrx_word' id='word_1_63' title='bbox 2313 1132 2518 1198; x_wconf 87' lang='lat' dir='ltr'><strong>aciem</strong></span> <span class='ocrx_word' id='word_1_64' title='bbox 2557 1155 2668 1198; x_wconf 90' lang='lat' dir='ltr'><strong>re-</strong></span> 
     </span>
     <span class='ocr_line' id='line_1_9' title="bbox 554 1229 2671 1329; baseline 0.001 -28"><span class='ocrx_word' id='word_1_65' title='bbox 554 1233 708 1301; x_wconf 80' lang='lat' dir='ltr'><strong>ficit.</strong></span> <span class='ocrx_word' id='word_1_66' title='bbox 754 1233 1061 1300; x_wconf 89' lang='lat' dir='ltr'><strong>Ferunt</strong></span> <span class='ocrx_word' id='word_1_67' title='bbox 1046 1258 1111 1300; x_wconf 90' lang='grc' dir='ltr'><strong>ιιι</strong></span> <span class='ocrx_word' id='word_1_68' title='bbox 1148 1255 1225 1298; x_wconf 91' lang='lat' dir='ltr'><strong>ea</strong></span> <span class='ocrx_word' id='word_1_69' title='bbox 1261 1230 1471 1300; x_wconf 89' lang='lat' dir='ltr'><strong>insula</strong></span> <span class='ocrx_word' id='word_1_70' title='bbox 1511 1229 1770 1302; x_wconf 89' lang='lat' dir='ltr'><strong>tumulo</strong></span> <span class='ocrx_word' id='word_1_71' title='bbox 1814 1231 2022 1326; x_wconf 86' lang='lat' dir='ltr'><strong>reguli</strong></span> <span class='ocrx_word' id='word_1_72' title='bbox 2067 1231 2410 1302; x_wconf 82' lang='lat' dir='ltr'><strong>Hermiae¹&#39;</strong></span> <span class='ocrx_word' id='word_1_73' title='bbox 2417 1288 2434 1322; x_wconf 91' lang='lat'>‚</span> <span class='ocrx_word' id='word_1_74' title='bbox 2479 1237 2671 1329; x_wconf 77' lang='lat' dir='ltr'><strong>juxta</strong></span> 
     </span>
     <span class='ocr_line' id='line_1_10' title="bbox 555 1335 2667 1434; baseline 0 -26"><span class='ocrx_word' id='word_1_75' title='bbox 555 1339 861 1423; x_wconf 85' lang='lat' dir='ltr'><strong>cetarias,</strong></span> <span class='ocrx_word' id='word_1_76' title='bbox 870 1361 1243 1406; x_wconf 88' lang='lat' dir='ltr'><strong>marmoreo</strong></span> <span class='ocrx_word' id='word_1_77' title='bbox 1264 1335 1437 1407; x_wconf 90' lang='lat' dir='ltr'><strong>leoni</strong></span> <span class='ocrx_word' id='word_1_78' title='bbox 1461 1337 1658 1408; x_wconf 88' lang='lat' dir='ltr'><strong>fuisse</strong></span> <span class='ocrx_word' id='word_1_79' title='bbox 1681 1337 1920 1407; x_wconf 89' lang='lat' dir='ltr'><strong>inditos</strong></span> <span class='ocrx_word' id='word_1_80' title='bbox 1942 1336 2170 1407; x_wconf 88' lang='lat' dir='ltr'><strong>oculos</strong></span> <span class='ocrx_word' id='word_1_81' title='bbox 2185 1363 2264 1406; x_wconf 79' lang='lat' dir='ltr'><strong>ex</strong></span> <span class='ocrx_word' id='word_1_82' title='bbox 2283 1341 2667 1434; x_wconf 86' lang='lat' dir='ltr'><strong>smaragdis,</strong></span> 
     </span>
     <span class='ocr_line' id='line_1_11' title="bbox 554 1429 2670 1540; baseline 0.001 -28"><span class='ocrx_word' id='word_1_83' title='bbox 554 1445 645 1512; x_wconf 89' lang='lat' dir='ltr'><strong>ita</strong></span> <span class='ocrx_word' id='word_1_84' title='bbox 689 1442 1091 1520; x_wconf 81' lang='lat' dir='ltr'><strong>radiantibus</strong></span> <span class='ocrx_word' id='word_1_85' title='bbox 1120 1444 1314 1512; x_wconf 87' lang='lat' dir='ltr'><strong>etiam</strong></span> <span class='ocrx_word' id='word_1_86' title='bbox 1346 1445 1415 1512; x_wconf 90' lang='lat' dir='ltr'><strong>in</strong></span> <span class='ocrx_word' id='word_1_87' title='bbox 1448 1444 1772 1538; x_wconf 85' lang='lat' dir='ltr'><strong>gurgitem</strong></span> <span class='ocrx_word' id='word_1_88' title='bbox 1791 1493 1810 1525; x_wconf 89' lang='lat'><strong>,</strong></span> <span class='ocrx_word' id='word_1_89' title='bbox 1865 1459 1940 1513; x_wconf 91' lang='lat' dir='ltr'><strong>ut</strong></span> <span class='ocrx_word' id='word_1_90' title='bbox 1977 1442 2222 1513; x_wconf 85' lang='lat' dir='ltr'><strong>territi¹</strong></span> <span class='ocrx_word' id='word_1_91' title='bbox 2229 1429 2670 1540; x_wconf 82' lang='lat' dir='ltr'><strong>³refugerent</strong></span> 
     </span>
     <span class='ocr_line' id='line_1_12' title="bbox 550 1548 2668 1644; baseline 0.001 -26"><span class='ocrx_word' id='word_1_92' title='bbox 550 1549 841 1642; x_wconf 75' lang='lat' dir='ltr'><strong>thynni·</strong></span> <span class='ocrx_word' id='word_1_93' title='bbox 894 1548 1006 1616; x_wconf 87' lang='lat' dir='ltr'><strong>diu</strong></span> <span class='ocrx_word' id='word_1_94' title='bbox 1068 1550 1455 1619; x_wconf 86' lang='lat' dir='ltr'><strong>mirantibus</strong></span> <span class='ocrx_word' id='word_1_95' title='bbox 1515 1553 1876 1620; x_wconf 89' lang='lat' dir='ltr'><strong>novitatem</strong></span> <span class='ocrx_word' id='word_1_96' title='bbox 1934 1550 2396 1644; x_wconf 86' lang='lat' dir='ltr'><strong>piscatoribus,</strong></span> <span class='ocrx_word' id='word_1_97' title='bbox 2455 1551 2668 1621; x_wconf 89' lang='lat' dir='ltr'><strong>donec</strong></span> 
     </span>
     <span class='ocr_line' id='line_1_13' title="bbox 554 1654 1473 1752; baseline 0.003 -30"><span class='ocrx_word' id='word_1_98' title='bbox 554 1669 895 1723; x_wconf 81' lang='lat' dir='ltr'><strong>mutavere.</strong></span> <span class='ocrx_word' id='word_1_99' title='bbox 926 1654 1132 1724; x_wconf 89' lang='lat' dir='ltr'><strong>oculis</strong></span> <span class='ocrx_word' id='word_1_100' title='bbox 1163 1679 1473 1752; x_wconf 85' lang='lat' dir='ltr'><strong>gemmas.</strong></span> 
     </span>
    </p>

    <p class='ocr_par' dir='ltr' id='par_1_3' title="bbox 554 1760 2674 2490">
     <span class='ocr_line' id='line_1_14' title="bbox 660 1760 2667 1858; baseline 0.001 -28"><span class='ocrx_word' id='word_1_101' title='bbox 660 1763 919 1830; x_wconf 89' lang='lat' dir='ltr'><strong>XVIII.</strong></span> <span class='ocrx_word' id='word_1_102' title='bbox 970 1760 1098 1830; x_wconf 89' lang='lat' dir='ltr'><strong>Sed</strong></span> <span class='ocrx_word' id='word_1_103' title='bbox 1144 1776 1212 1830; x_wconf 88' lang='lat' dir='ltr'><strong>et</strong></span> <span class='ocrx_word' id='word_1_104' title='bbox 1257 1763 1412 1831; x_wconf 88' lang='lat' dir='ltr'><strong>vitia</strong></span> <span class='ocrx_word' id='word_1_105' title='bbox 1447 1761 1885 1832; x_wconf 87' lang='lat' dir='ltr'><strong>demonstrari</strong></span> <span class='ocrx_word' id='word_1_106' title='bbox 1927 1777 2191 1855; x_wconf 85' lang='lat' dir='ltr'><strong>oportet</strong></span> <span class='ocrx_word' id='word_1_107' title='bbox 2224 1765 2292 1830; x_wconf 92' lang='lat' dir='ltr'><strong>in</strong></span> <span class='ocrx_word' id='word_1_108' title='bbox 2327 1774 2460 1832; x_wconf 89' lang='lat' dir='ltr'><strong>tam</strong></span> <span class='ocrx_word' id='word_1_109' title='bbox 2504 1789 2667 1858; x_wconf 90' lang='lat' dir='ltr'><strong>pro—</strong></span> 
     </span>
     <span class='ocr_line' id='line_1_15' title="bbox 554 1866 2670 1960; baseline 0.001 -24"><span class='ocrx_word' id='word_1_110' title='bbox 554 1866 707 1936; x_wconf 88' lang='lat' dir='ltr'><strong>clivi</strong></span> <span class='ocrx_word' id='word_1_111' title='bbox 734 1881 974 1936; x_wconf 85' lang='lat' dir='ltr'><strong>erratu.</strong></span> <span class='ocrx_word' id='word_1_112' title='bbox 1003 1868 1172 1935; x_wconf 88' lang='lat' dir='ltr'><strong>Sunt</strong></span> <span class='ocrx_word' id='word_1_113' title='bbox 1198 1868 1462 1960; x_wconf 86' lang='lat' dir='ltr'><strong>quidem</strong></span> <span class='ocrx_word' id='word_1_114' title='bbox 1501 1871 1792 1938; x_wconf 90' lang='lat' dir='ltr'><strong>omnium</strong></span> <span class='ocrx_word' id='word_1_115' title='bbox 1821 1867 2066 1936; x_wconf 88' lang='lat' dir='ltr'><strong>eadem.</strong></span> <span class='ocrx_word' id='word_1_116' title='bbox 2102 1869 2422 1958; x_wconf 84' lang='lat' dir='ltr'><strong>Quaedam</strong></span> <span class='ocrx_word' id='word_1_117' title='bbox 2447 1885 2670 1939; x_wconf 88' lang='lat' dir='ltr'><strong>tamen</strong></span> 
     </span>
     <span class='ocr_line' id='line_1_16' title="bbox 554 1971 2671 2090; baseline 0.002 -50"><span class='ocrx_word' id='word_1_118' title='bbox 554 1975 899 2040; x_wconf 84' lang='lat' dir='ltr'><strong>nationum</strong></span> <span class='ocrx_word' id='word_1_119' title='bbox 930 1971 1316 2090; x_wconf 83' lang='lat' dir='ltr'><strong>peculiaria,</strong></span> <span class='ocrx_word' id='word_1_120' title='bbox 1359 1975 1528 2042; x_wconf 89' lang='lat' dir='ltr'><strong>sicut</strong></span> <span class='ocrx_word' id='word_1_121' title='bbox 1563 1977 1628 2041; x_wconf 92' lang='lat' dir='ltr'><strong>in</strong></span> <span class='ocrx_word' id='word_1_122' title='bbox 1676 1973 1962 2042; x_wconf 90' lang='lat' dir='ltr'><strong>homine.</strong></span> <span class='ocrx_word' id='word_1_123' title='bbox 2005 1975 2184 2069; x_wconf 88' lang='lat' dir='ltr'><strong>Ergo</strong></span> <span class='ocrx_word' id='word_1_124' title='bbox 2223 1977 2447 2068; x_wconf 85' lang='lat' dir='ltr'><strong>Cyprii</strong></span> <span class='ocrx_word' id='word_1_125' title='bbox 2491 1977 2671 2074; x_wconf 82' lang='lat' dir='ltr'><strong>varie</strong></span> 
     </span>
     <span class='ocr_line' id='line_1_17' title="bbox 555 2076 2672 2175; baseline 0.001 -30"><span class='ocrx_word' id='word_1_126' title='bbox 555 2076 803 2170; x_wconf 85' lang='lat' dir='ltr'><strong>glauci,</strong></span> <span class='ocrx_word' id='word_1_127' title='bbox 844 2080 1177 2172; x_wconf 84' lang='lat' dir='ltr'><strong>magisque</strong></span> <span class='ocrx_word' id='word_1_128' title='bbox 1210 2101 1288 2145; x_wconf 91' lang='lat' dir='ltr'><strong>ac</strong></span> <span class='ocrx_word' id='word_1_129' title='bbox 1318 2079 1538 2146; x_wconf 87' lang='lat' dir='ltr'><strong>minus</strong></span> <span class='ocrx_word' id='word_1_130' title='bbox 1562 2081 1631 2145; x_wconf 88' lang='lat' dir='ltr'><strong>in</strong></span> <span class='ocrx_word' id='word_1_131' title='bbox 1661 2078 1892 2147; x_wconf 90' lang='lat' dir='ltr'><strong>eodem</strong></span> <span class='ocrx_word' id='word_1_132' title='bbox 1925 2080 2272 2175; x_wconf 86' lang='lat' dir='ltr'><strong>smaragdo</strong></span> <span class='ocrx_word' id='word_1_133' title='bbox 2301 2080 2436 2150; x_wconf 89' lang='lat' dir='ltr'><strong>aliis</strong></span> <span class='ocrx_word' id='word_1_134' title='bbox 2465 2082 2672 2174; x_wconf 89' lang='lat' dir='ltr'><strong>parti-</strong></span> 
     </span>
     <span class='ocr_line' id='line_1_18' title="bbox 554 2181 2674 2280; baseline 0.002 -30"><span class='ocrx_word' id='word_1_135' title='bbox 554 2183 677 2252; x_wconf 90' lang='lat' dir='ltr'><strong>bus</strong></span> <span class='ocrx_word' id='word_1_136' title='bbox 723 2197 1017 2250; x_wconf 89' lang='lat' dir='ltr'><strong>tenorem</strong></span> <span class='ocrx_word' id='word_1_137' title='bbox 1077 2181 1258 2250; x_wconf 90' lang='lat' dir='ltr'><strong>illum</strong></span> <span class='ocrx_word' id='word_1_138' title='bbox 1332 2183 1657 2276; x_wconf 88' lang='lat' dir='ltr'><strong>Scythicae</strong></span> <span class='ocrx_word' id='word_1_139' title='bbox 1714 2185 2150 2254; x_wconf 83' lang='lat' dir='ltr'><strong>austeritatis¹</strong></span> <span class='ocrx_word' id='word_1_140' title='bbox 2217 2211 2350 2255; x_wconf 88' lang='lat' dir='ltr'><strong>non</strong></span> <span class='ocrx_word' id='word_1_141' title='bbox 2409 2210 2674 2280; x_wconf 90' lang='lat' dir='ltr'><strong>semper</strong></span> 
     </span>
     <span class='ocr_line' id='line_1_19' title="bbox 554 2279 2670 2382; baseline 0 -25"><span class='ocrx_word' id='word_1_142' title='bbox 554 2287 951 2357; x_wconf 87' lang='lat' dir='ltr'><strong>custodiunt.</strong></span> <span class='ocrx_word' id='word_1_143' title='bbox 1003 2279 1105 2355; x_wconf 69' lang='lat' dir='ltr'><strong>Aa</strong></span> <span class='ocrx_word' id='word_1_144' title='bbox 1154 2287 1285 2356; x_wconf 89' lang='lat' dir='ltr'><strong>hoc</strong></span> <span class='ocrx_word' id='word_1_145' title='bbox 1323 2287 1714 2382; x_wconf 89' lang='lat' dir='ltr'><strong>quibusdam</strong></span> <span class='ocrx_word' id='word_1_146' title='bbox 1758 2290 2137 2360; x_wconf 87' lang='lat' dir='ltr'><strong>intercurrit</strong></span> <span class='ocrx_word' id='word_1_147' title='bbox 2198 2292 2468 2378; x_wconf 89' lang='lat' dir='ltr'><strong>umbra,</strong></span> <span class='ocrx_word' id='word_1_148' title='bbox 2526 2317 2670 2359; x_wconf 90' lang='lat' dir='ltr'><strong>sur-</strong></span> 
     </span>
     <span class='ocr_line' id='line_1_20' title="bbox 554 2390 2673 2490; baseline 0.002 -28"><span class='ocrx_word' id='word_1_149' title='bbox 554 2393 805 2488; x_wconf 90' lang='lat' dir='ltr'><strong>dusque</strong></span> <span class='ocrx_word' id='word_1_150' title='bbox 858 2392 933 2461; x_wconf 85' lang='lat' dir='ltr'><strong>fit</strong></span> <span class='ocrx_word' id='word_1_151' title='bbox 976 2390 1185 2461; x_wconf 84' lang='lat' dir='ltr'><strong>colos&#39;</strong></span> <span class='ocrx_word' id='word_1_152' title='bbox 1192 2443 1211 2477; x_wconf 89' lang='lat'><strong>,</strong></span> <span class='ocrx_word' id='word_1_153' title='bbox 1257 2397 1369 2487; x_wconf 88' lang='lat' dir='ltr'><strong>qui</strong></span> <span class='ocrx_word' id='word_1_154' title='bbox 1416 2395 1864 2490; x_wconf 90' lang='lat' dir='ltr'><strong>improbatur,</strong></span> <span class='ocrx_word' id='word_1_155' title='bbox 1911 2399 2105 2466; x_wconf 86' lang='lat' dir='ltr'><strong>etiam</strong></span> <span class='ocrx_word' id='word_1_156' title='bbox 2153 2395 2442 2465; x_wconf 80' lang='lat' dir='ltr'><strong>dilutior.</strong></span> <span class='ocrx_word' id='word_1_157' title='bbox 2499 2399 2673 2467; x_wconf 86' lang='lat' dir='ltr'><strong>Hinc</strong></span> 
     </span>
    </p>
   </div>
   <div class='ocr_carea' id='block_1_3' title="bbox 551 2563 1421 2706">
    <p class='ocr_par' dir='ltr' id='par_1_4' title="bbox 551 2563 1421 2706">
     <span class='ocr_line' id='line_1_21' title="bbox 634 2563 1421 2635; baseline -0.001 -19"><span class='ocrx_word' id='word_1_158' title='bbox 634 2583 687 2632; x_wconf 84' lang='lat'><strong>7.</strong></span> <span class='ocrx_word' id='word_1_159' title='bbox 735 2565 947 2615; x_wconf 80' lang='lat' dir='ltr'><strong>Tertiam</strong></span> <span class='ocrx_word' id='word_1_160' title='bbox 978 2563 1131 2615; x_wconf 80' lang='lat' dir='ltr'><strong>locam</strong></span> <span class='ocrx_word' id='word_1_161' title='bbox 1154 2564 1391 2635; x_wconf 74' lang='lat' dir='ltr'><strong>AEgyptii</strong></span> <span class='ocrx_word' id='word_1_162' title='bbox 1405 2601 1421 2629; x_wconf 91' lang='lat'><strong>,</strong></span> 
     </span>
     <span class='ocr_line' id='line_1_22' title="bbox 551 2641 1273 2706; baseline 0 -10"><span class='ocrx_word' id='word_1_163' title='bbox 551 2641 819 2706; x_wconf 75' lang='lat' dir='ltr'><strong>Isidorus,</strong></span> <span class='ocrx_word' id='word_1_164' title='bbox 846 2642 952 2695; x_wconf 90' lang='lat' dir='ltr'><strong>loc.</strong></span> <span class='ocrx_word' id='word_1_165' title='bbox 978 2643 1067 2696; x_wconf 87' lang='lat' dir='ltr'><strong>cit.</strong></span> <span class='ocrx_word' id='word_1_166' title='bbox 1094 2643 1273 2696; x_wconf 67' lang='lat' dir='ltr'><strong>Hm.</strong></span> 
     </span>
    </p>
   </div>
   <div class='ocr_carea' id='block_1_4' title="bbox 1464 2563 2672 2634">
    <p class='ocr_par' dir='ltr' id='par_1_5' title="bbox 1464 2563 2672 2634">
     <span class='ocr_line' id='line_1_23' title="bbox 1464 2563 2672 2634; baseline 0 -16"><span class='ocrx_word' id='word_1_167' title='bbox 1464 2578 1566 2618; x_wconf 81' lang='lat' dir='ltr'><strong>etc.</strong></span> <span class='ocrx_word' id='word_1_168' title='bbox 1742 2584 1763 2617; x_wconf 88' lang='lat'>1</span> <span class='ocrx_word' id='word_1_169' title='bbox 1781 2582 1803 2616; x_wconf 87' lang='lat'>1</span> <span class='ocrx_word' id='word_1_170' title='bbox 1814 2603 1827 2616; x_wconf 95' lang='lat'><strong>.</strong></span> <span class='ocrx_word' id='word_1_171' title='bbox 1851 2564 2230 2616; x_wconf 78' lang='lat' dir='ltr'><strong>Translaoentcm</strong></span> <span class='ocrx_word' id='word_1_172' title='bbox 2245 2563 2448 2615; x_wconf 78' lang='lat' dir='ltr'><strong>colorem</strong></span> <span class='ocrx_word' id='word_1_173' title='bbox 2455 2567 2672 2634; x_wconf 68' lang='lat' dir='ltr'><strong>expellit.</strong></span> 
     </span>
    </p>
   </div>
   <div class='ocr_carea' id='block_1_5' title="bbox 1653 2641 2674 2712">
    <p class='ocr_par' dir='ltr' id='par_1_6' title="bbox 1653 2641 2674 2712">
     <span class='ocr_line' id='line_1_24' title="bbox 1653 2641 2674 2712; baseline 0.005 -20"><span class='ocrx_word' id='word_1_174' title='bbox 1653 2645 1822 2712; x_wconf 82' lang='lat' dir='ltr'><strong>AEque</strong></span> <span class='ocrx_word' id='word_1_175' title='bbox 1841 2654 1998 2711; x_wconf 82' lang='lat' dir='ltr'><strong>atque</strong></span> <span class='ocrx_word' id='word_1_176' title='bbox 2024 2659 2192 2704; x_wconf 88' lang='lat' dir='ltr'><strong>mare,</strong></span> <span class='ocrx_word' id='word_1_177' title='bbox 2214 2641 2446 2695; x_wconf 87' lang='lat' dir='ltr'><strong>colorem</strong></span> <span class='ocrx_word' id='word_1_178' title='bbox 2477 2646 2674 2700; x_wconf 83' lang='lat' dir='ltr'><strong>emittit</strong></span> 
     </span>
    </p>
   </div>
   <div class='ocr_carea' id='block_1_6' title="bbox 2945 1477 2949 2186">
    <p class='ocr_par' dir='ltr' id='par_1_7' title="bbox 2945 1477 2949 2186">
     <span class='ocr_line' id='line_1_25' title="bbox 2945 1477 2949 2186; baseline 0 0"><span class='ocrx_word' id='word_1_179' title='bbox 2945 1477 2949 2186; x_wconf 95' lang='lat' dir='ltr'><strong> </strong></span> 
     </span>
    </p>
   </div>
   <div class='ocr_carea' id='block_1_7' title="bbox 553 2721 1572 4042">
    <p class='ocr_par' dir='ltr' id='par_1_8' title="bbox 553 2721 1567 3032">
     <span class='ocr_line' id='line_1_26' title="bbox 635 2721 1567 2775; baseline 0 0"><span class='ocrx_word' id='word_1_180' title='bbox 635 2724 689 2775; x_wconf 84' lang='grc'><strong>8.</strong></span> <span class='ocrx_word' id='word_1_181' title='bbox 758 2721 1013 2774; x_wconf 73' lang='lat' dir='ltr'><strong>Thebaidis</strong></span> <span class='ocrx_word' id='word_1_182' title='bbox 1058 2727 1107 2774; x_wconf 83' lang='lat' dir='ltr'><strong>in</strong></span> <span class='ocrx_word' id='word_1_183' title='bbox 1152 2723 1369 2774; x_wconf 80' lang='lat' dir='ltr'><strong>collibus-</strong></span> <span class='ocrx_word' id='word_1_184' title='bbox 1420 2723 1567 2775; x_wconf 79' lang='lat' dir='ltr'><strong>Inter</strong></span> 
     </span>
     <span class='ocr_line' id='line_1_27' title="bbox 554 2800 1561 2872; baseline -0.005 -16"><span class='ocrx_word' id='word_1_185' title='bbox 554 2801 763 2872; x_wconf 87' lang='lat' dir='ltr'><strong>Copton</strong></span> <span class='ocrx_word' id='word_1_186' title='bbox 792 2813 844 2856; x_wconf 85' lang='lat' dir='ltr'><strong>et</strong></span> <span class='ocrx_word' id='word_1_187' title='bbox 874 2803 1161 2856; x_wconf 86' lang='lat' dir='ltr'><strong>Berenicen</strong></span> <span class='ocrx_word' id='word_1_188' title='bbox 1188 2820 1340 2854; x_wconf 87' lang='lat' dir='ltr'><strong>mons</strong></span> <span class='ocrx_word' id='word_1_189' title='bbox 1370 2814 1445 2854; x_wconf 86' lang='lat' dir='ltr'><strong>est</strong></span> <span class='ocrx_word' id='word_1_190' title='bbox 1472 2800 1561 2852; x_wconf 86' lang='lat' dir='ltr'><strong>ille</strong></span> 
     </span>
     <span class='ocr_line' id='line_1_28' title="bbox 554 2879 1564 2954; baseline -0.002 -21"><span class='ocrx_word' id='word_1_191' title='bbox 554 2879 856 2954; x_wconf 78' lang='lat' dir='ltr'><strong>smaragdus</strong></span> <span class='ocrx_word' id='word_1_192' title='bbox 881 2920 897 2946; x_wconf 91' lang='lat'><strong>‚</strong></span> <span class='ocrx_word' id='word_1_193' title='bbox 948 2882 997 2932; x_wconf 81' lang='lat' dir='ltr'><strong>la</strong></span> <span class='ocrx_word' id='word_1_194' title='bbox 1046 2884 1167 2934; x_wconf 82' lang='lat' dir='ltr'><strong>mine</strong></span> <span class='ocrx_word' id='word_1_195' title='bbox 1216 2881 1564 2945; x_wconf 69' lang='lat' dir='ltr'><strong>d&#39;e&#39;mdraudes,</strong></span> 
     </span>
     <span class='ocr_line' id='line_1_29' title="bbox 553 2959 1407 3032; baseline -0.004 -19"><span class='ocrx_word' id='word_1_196' title='bbox 553 2971 711 3032; x_wconf 81' lang='lat' dir='ltr'><strong>quem</strong></span> <span class='ocrx_word' id='word_1_197' title='bbox 724 2961 783 3014; x_wconf 91' lang='lat' dir='ltr'><strong>P.</strong></span> <span class='ocrx_word' id='word_1_198' title='bbox 802 2959 1002 3014; x_wconf 82' lang='lat' dir='ltr'><strong>Sicard·</strong></span> <span class='ocrx_word' id='word_1_199' title='bbox 1024 2961 1217 3014; x_wconf 81' lang='lat' dir='ltr'><strong>invisit.</strong></span> <span class='ocrx_word' id='word_1_200' title='bbox 1244 2961 1407 3012; x_wconf 74' lang='lat' dir='ltr'><strong>Bnor.</strong></span> 
     </span>
    </p>

    <p class='ocr_par' dir='ltr' id='par_1_9' title="bbox 554 3037 1570 3183">
     <span class='ocr_line' id='line_1_30' title="bbox 634 3037 1570 3111; baseline -0.002 -19"><span class='ocrx_word' id='word_1_201' title='bbox 634 3058 685 3106; x_wconf 89' lang='lat'><strong>9.</strong></span> <span class='ocrx_word' id='word_1_202' title='bbox 719 3041 923 3111; x_wconf 78' lang='lat' dir='ltr'><strong>Reliqua</strong></span> <span class='ocrx_word' id='word_1_203' title='bbox 944 3059 1137 3109; x_wconf 74' lang='lat' dir='ltr'><strong>genera.</strong></span> <span class='ocrx_word' id='word_1_204' title='bbox 1171 3040 1381 3092; x_wconf 85' lang='lat' dir='ltr'><strong>Solinus</strong></span> <span class='ocrx_word' id='word_1_205' title='bbox 1398 3050 1451 3090; x_wconf 88' lang='lat' dir='ltr'><strong>et</strong></span> <span class='ocrx_word' id='word_1_206' title='bbox 1470 3037 1570 3091; x_wconf 83' lang='lat' dir='ltr'><strong>Isi·</strong></span> 
     </span>
     <span class='ocr_line' id='line_1_31' title="bbox 554 3117 1226 3183; baseline -0.001 -12"><span class='ocrx_word' id='word_1_207' title='bbox 554 3117 748 3183; x_wconf 80' lang='lat' dir='ltr'><strong>dorus,</strong></span> <span class='ocrx_word' id='word_1_208' title='bbox 779 3120 911 3172; x_wconf 86' lang='lat' dir='ltr'><strong>locis</strong></span> <span class='ocrx_word' id='word_1_209' title='bbox 929 3121 1017 3171; x_wconf 86' lang='lat' dir='ltr'><strong>cit.</strong></span> <span class='ocrx_word' id='word_1_210' title='bbox 1048 3119 1226 3172; x_wconf 60' lang='lat' dir='ltr'><strong>Ham).</strong></span> 
     </span>
    </p>

    <p class='ocr_par' dir='ltr' id='par_1_10' title="bbox 554 3199 1572 4042">
     <span class='ocr_line' id='line_1_32' title="bbox 643 3199 1570 3270; baseline -0.008 -18"><span class='ocrx_word' id='word_1_211' title='bbox 643 3217 725 3252; x_wconf 88' lang='lat'><strong>10.</strong></span> <span class='ocrx_word' id='word_1_212' title='bbox 761 3199 962 3270; x_wconf 78' lang='lat' dir='ltr'><strong>Quaque</strong></span> <span class='ocrx_word' id='word_1_213' title='bbox 979 3201 1319 3269; x_wconf 77' lang='lat' dir='ltr'><strong>perspiciatur,</strong></span> <span class='ocrx_word' id='word_1_214' title='bbox 1356 3199 1570 3247; x_wconf 76' lang='lat' dir='ltr'><strong>imitante</strong></span> 
     </span>
     <span class='ocr_line' id='line_1_33' title="bbox 560 3274 1570 3348; baseline -0.003 -18"><span class='ocrx_word' id='word_1_215' title='bbox 560 3278 900 3336; x_wconf 65' lang='lat' dir='ltr'><strong>uun-elucidata</strong></span> <span class='ocrx_word' id='word_1_216' title='bbox 931 3298 1075 3331; x_wconf 84' lang='lat' dir='ltr'><strong>mare.</strong></span> <span class='ocrx_word' id='word_1_217' title='bbox 1112 3274 1343 3348; x_wconf 79' lang='lat' dir='ltr'><strong>Legeud.</strong></span> <span class='ocrx_word' id='word_1_218' title='bbox 1381 3301 1404 3322; x_wconf 72' lang='grc' dir='ltr'><strong>ι</strong></span> <span class='ocrx_word' id='word_1_219' title='bbox 1434 3276 1570 3328; x_wconf 88' lang='lat' dir='ltr'><strong>Dos·</strong></span> 
     </span>
     <span class='ocr_line' id='line_1_34' title="bbox 556 3352 1566 3430; baseline -0.006 -19"><span class='ocrx_word' id='word_1_220' title='bbox 556 3377 661 3430; x_wconf 85' lang='lat' dir='ltr'><strong>que</strong></span> <span class='ocrx_word' id='word_1_221' title='bbox 688 3376 872 3410; x_wconf 80' lang='lat' dir='ltr'><strong>eorum</strong></span> <span class='ocrx_word' id='word_1_222' title='bbox 906 3371 984 3410; x_wconf 89' lang='lat' dir='ltr'><strong>est</strong></span> <span class='ocrx_word' id='word_1_223' title='bbox 1024 3356 1081 3408; x_wconf 83' lang='lat' dir='ltr'><strong>iu</strong></span> <span class='ocrx_word' id='word_1_224' title='bbox 1114 3356 1289 3408; x_wconf 84' lang='lat' dir='ltr'><strong>colore</strong></span> <span class='ocrx_word' id='word_1_225' title='bbox 1329 3352 1566 3426; x_wconf 86' lang='lat' dir='ltr'><strong>liquido,</strong></span> 
     </span>
     <span class='ocr_line' id='line_1_35' title="bbox 556 3431 1572 3504; baseline -0.006 -14"><span class='ocrx_word' id='word_1_226' title='bbox 556 3456 654 3490; x_wconf 86' lang='lat' dir='ltr'><strong>nec</strong></span> <span class='ocrx_word' id='word_1_227' title='bbox 676 3437 846 3490; x_wconf 87' lang='lat' dir='ltr'><strong>diluto</strong></span> <span class='ocrx_word' id='word_1_228' title='bbox 863 3475 877 3498; x_wconf 92' lang='lat'><strong>,</strong></span> <span class='ocrx_word' id='word_1_229' title='bbox 905 3454 1089 3488; x_wconf 76' lang='lat' dir='ltr'><strong>verum</strong></span> <span class='ocrx_word' id='word_1_230' title='bbox 1118 3453 1180 3486; x_wconf 85' lang='lat' dir='ltr'><strong>ex</strong></span> <span class='ocrx_word' id='word_1_231' title='bbox 1207 3431 1431 3486; x_wconf 86' lang='lat' dir='ltr'><strong>humido</strong></span> <span class='ocrx_word' id='word_1_232' title='bbox 1451 3433 1572 3504; x_wconf 87' lang='lat' dir='ltr'><strong>pin-</strong></span> 
     </span>
     <span class='ocr_line' id='line_1_36' title="bbox 556 3511 1566 3589; baseline -0.006 -19"><span class='ocrx_word' id='word_1_233' title='bbox 556 3517 678 3589; x_wconf 80' lang='lat' dir='ltr'><strong>gui,</strong></span> <span class='ocrx_word' id='word_1_234' title='bbox 728 3533 936 3585; x_wconf 85' lang='lat' dir='ltr'><strong>quaque</strong></span> <span class='ocrx_word' id='word_1_235' title='bbox 962 3513 1297 3584; x_wconf 83' lang='lat' dir='ltr'><strong>perspicitur,</strong></span> <span class='ocrx_word' id='word_1_236' title='bbox 1328 3511 1566 3564; x_wconf 83' lang='lat' dir='ltr'><strong>imitante</strong></span> 
     </span>
     <span class='ocr_line' id='line_1_37' title="bbox 555 3589 1570 3661; baseline -0.008 -12"><span class='ocrx_word' id='word_1_237' title='bbox 555 3593 929 3649; x_wconf 84' lang='lat' dir='ltr'><strong>translucidum</strong></span> <span class='ocrx_word' id='word_1_238' title='bbox 964 3594 1135 3646; x_wconf 84' lang='lat' dir='ltr'><strong>maris.</strong></span> <span class='ocrx_word' id='word_1_239' title='bbox 1166 3617 1188 3637; x_wconf 75' lang='grc' dir='ltr'><strong>ι</strong></span> <span class='ocrx_word' id='word_1_240' title='bbox 1226 3593 1303 3644; x_wconf 81' lang='lat' dir='ltr'><strong>Ita</strong></span> <span class='ocrx_word' id='word_1_241' title='bbox 1340 3589 1570 3661; x_wconf 83' lang='lat' dir='ltr'><strong>liquidos</strong></span> 
     </span>
     <span class='ocr_line' id='line_1_38' title="bbox 557 3668 1570 3741; baseline -0.007 -13"><span class='ocrx_word' id='word_1_242' title='bbox 557 3677 671 3728; x_wconf 77' lang='lat' dir='ltr'><strong>vult</strong></span> <span class='ocrx_word' id='word_1_243' title='bbox 700 3692 807 3725; x_wconf 83' lang='lat' dir='ltr'><strong>esse</strong></span> <span class='ocrx_word' id='word_1_244' title='bbox 830 3672 947 3724; x_wconf 89' lang='lat' dir='ltr'><strong>illos</strong></span> <span class='ocrx_word' id='word_1_245' title='bbox 970 3668 1270 3741; x_wconf 76' lang='lat' dir='ltr'><strong>smaragdos</strong></span> <span class='ocrx_word' id='word_1_246' title='bbox 1284 3709 1298 3734; x_wconf 91' lang='lat'><strong>,</strong></span> <span class='ocrx_word' id='word_1_247' title='bbox 1318 3671 1396 3722; x_wconf 89' lang='lat' dir='ltr'><strong>uti</strong></span> <span class='ocrx_word' id='word_1_248' title='bbox 1412 3668 1570 3724; x_wconf 88' lang='lat' dir='ltr'><strong>diluti</strong></span> 
     </span>
     <span class='ocr_line' id='line_1_39' title="bbox 558 3748 1568 3823; baseline -0.004 -17"><span class='ocrx_word' id='word_1_249' title='bbox 558 3773 668 3806; x_wconf 90' lang='lat' dir='ltr'><strong>non</strong></span> <span class='ocrx_word' id='word_1_250' title='bbox 692 3753 815 3817; x_wconf 87' lang='lat' dir='ltr'><strong>sint,</strong></span> <span class='ocrx_word' id='word_1_251' title='bbox 844 3748 937 3804; x_wconf 84' lang='lat' dir='ltr'><strong>sed</strong></span> <span class='ocrx_word' id='word_1_252' title='bbox 957 3771 1020 3804; x_wconf 88' lang='lat' dir='ltr'><strong>ex</strong></span> <span class='ocrx_word' id='word_1_253' title='bbox 1042 3749 1249 3823; x_wconf 89' lang='lat' dir='ltr'><strong>liquido</strong></span> <span class='ocrx_word' id='word_1_254' title='bbox 1272 3759 1323 3802; x_wconf 88' lang='lat' dir='ltr'><strong>et</strong></span> <span class='ocrx_word' id='word_1_255' title='bbox 1340 3748 1568 3802; x_wconf 81' lang='lat' dir='ltr'><strong>humido</strong></span> 
     </span>
     <span class='ocr_line' id='line_1_40' title="bbox 555 3827 1567 3906; baseline -0.005 -21"><span class='ocrx_word' id='word_1_256' title='bbox 555 3834 797 3906; x_wconf 77' lang='lat' dir='ltr'><strong>pingues.</strong></span> <span class='ocrx_word' id='word_1_257' title='bbox 824 3832 1057 3884; x_wconf 57' lang='lat' dir='ltr'><strong>Simus.</strong></span> <span class='ocrx_word' id='word_1_258' title='bbox 1080 3831 1317 3881; x_wconf 81' lang='lat' dir='ltr'><strong>-Brot.</strong></span> <span class='ocrx_word' id='word_1_259' title='bbox 1334 3847 1397 3880; x_wconf 82' lang='lat' dir='ltr'><strong>ex</strong></span> <span class='ocrx_word' id='word_1_260' title='bbox 1413 3827 1567 3882; x_wconf 88' lang='lat' dir='ltr'><strong>MSS.</strong></span> 
     </span>
     <span class='ocr_line' id='line_1_41' title="bbox 555 3911 1569 3984; baseline -0.004 -20"><span class='ocrx_word' id='word_1_261' title='bbox 555 3925 676 3983; x_wconf 83' lang='lat' dir='ltr'><strong>post</strong></span> <span class='ocrx_word' id='word_1_262' title='bbox 704 3911 1009 3966; x_wconf 78' lang='lat' dir='ltr'><strong>salmasium</strong></span> <span class='ocrx_word' id='word_1_263' title='bbox 1030 3949 1046 3978; x_wconf 83' lang='lat'><strong>,</strong></span> <span class='ocrx_word' id='word_1_264' title='bbox 1062 3929 1246 3984; x_wconf 77' lang='lat' dir='ltr'><strong>quaque</strong></span> <span class='ocrx_word' id='word_1_265' title='bbox 1264 3911 1569 3979; x_wconf 73' lang='lat' dir='ltr'><strong>perspicitur,</strong></span> 
     </span>
     <span class='ocr_line' id='line_1_42' title="bbox 554 3987 1467 4042; baseline 0 -4"><span class='ocrx_word' id='word_1_266' title='bbox 554 3989 769 4042; x_wconf 72' lang='lat' dir='ltr'><strong>imitante</strong></span> <span class='ocrx_word' id='word_1_267' title='bbox 804 3989 1141 4042; x_wconf 72' lang='lat' dir='ltr'><strong>translucidum</strong></span> <span class='ocrx_word' id='word_1_268' title='bbox 1168 3990 1329 4042; x_wconf 80' lang='lat' dir='ltr'><strong>maris.</strong></span> <span class='ocrx_word' id='word_1_269' title='bbox 1362 3987 1467 4040; x_wconf 85' lang='lat' dir='ltr'><strong>En.</strong></span> 
     </span>
    </p>
   </div>
   <div class='ocr_carea' id='block_1_8' title="bbox 1653 2720 2676 3892">
    <p class='ocr_par' dir='ltr' id='par_1_11' title="bbox 1653 2720 2672 3108">
     <span class='ocr_line' id='line_1_43' title="bbox 1653 2720 2672 2791; baseline 0.004 -18"><span class='ocrx_word' id='word_1_270' title='bbox 1653 2721 2078 2784; x_wconf 79' lang='lat' dir='ltr'><strong>translucentem,</strong></span> <span class='ocrx_word' id='word_1_271' title='bbox 2092 2720 2361 2791; x_wconf 79' lang='lat' dir='ltr'><strong>aciemque</strong></span> <span class='ocrx_word' id='word_1_272' title='bbox 2373 2721 2572 2777; x_wconf 83' lang='lat' dir='ltr'><strong>reficit.</strong></span> <span class='ocrx_word' id='word_1_273' title='bbox 2585 2723 2672 2778; x_wconf 79' lang='lat' dir='ltr'><strong>Sic</strong></span> 
     </span>
     <span class='ocr_line' id='line_1_44' title="bbox 1654 2799 2666 2874; baseline 0.003 -22"><span class='ocrx_word' id='word_1_274' title='bbox 1654 2799 1809 2852; x_wconf 82' lang='lat' dir='ltr'><strong>MSS.</strong></span> <span class='ocrx_word' id='word_1_275' title='bbox 1861 2817 2044 2852; x_wconf 81' lang='lat' dir='ltr'><strong>omnes</strong></span> <span class='ocrx_word' id='word_1_276' title='bbox 2073 2819 2087 2850; x_wconf 71' lang='grc' dir='ltr'><strong>ι</strong></span> <span class='ocrx_word' id='word_1_277' title='bbox 2145 2801 2262 2870; x_wconf 76' lang='lat' dir='ltr'><strong>typi</strong></span> <span class='ocrx_word' id='word_1_278' title='bbox 2314 2799 2626 2874; x_wconf 80' lang='lat' dir='ltr'><strong>interpolati</strong></span> <span class='ocrx_word' id='word_1_279' title='bbox 2651 2819 2666 2855; x_wconf 89' lang='lat'>:</span> 
     </span>
     <span class='ocr_line' id='line_1_45' title="bbox 1663 2879 2671 2949; baseline 0.008 -22"><span class='ocrx_word' id='word_1_280' title='bbox 1663 2904 1685 2927; x_wconf 75' lang='grc' dir='ltr'><strong>ι</strong></span> <span class='ocrx_word' id='word_1_281' title='bbox 1708 2879 2012 2949; x_wconf 81' lang='lat' dir='ltr'><strong>pariterque</strong></span> <span class='ocrx_word' id='word_1_282' title='bbox 2055 2880 2343 2933; x_wconf 79' lang='lat' dir='ltr'><strong>translucet</strong></span> <span class='ocrx_word' id='word_1_283' title='bbox 2399 2895 2452 2936; x_wconf 87' lang='lat' dir='ltr'><strong>et</strong></span> <span class='ocrx_word' id='word_1_284' title='bbox 2505 2883 2671 2946; x_wconf 82' lang='lat' dir='ltr'><strong>nitet,</strong></span> 
     </span>
     <span class='ocr_line' id='line_1_46' title="bbox 1655 2958 2672 3030; baseline 0.005 -20"><span class='ocrx_word' id='word_1_285' title='bbox 1655 2959 1758 3010; x_wconf 87' lang='lat' dir='ltr'><strong>hoc</strong></span> <span class='ocrx_word' id='word_1_286' title='bbox 1777 2972 1854 3012; x_wconf 86' lang='lat' dir='ltr'><strong>est</strong></span> <span class='ocrx_word' id='word_1_287' title='bbox 1866 2997 1880 3020; x_wconf 91' lang='lat'><strong>,</strong></span> <span class='ocrx_word' id='word_1_288' title='bbox 1911 2958 2144 3011; x_wconf 83' lang='lat' dir='ltr'><strong>colorem</strong></span> <span class='ocrx_word' id='word_1_289' title='bbox 2163 2959 2382 3030; x_wconf 84' lang='lat' dir='ltr'><strong>expellit</strong></span> <span class='ocrx_word' id='word_1_290' title='bbox 2394 2999 2411 3026; x_wconf 92' lang='lat'><strong>,</strong></span> <span class='ocrx_word' id='word_1_291' title='bbox 2434 2973 2488 3014; x_wconf 86' lang='lat' dir='ltr'><strong>et</strong></span> <span class='ocrx_word' id='word_1_292' title='bbox 2507 2961 2672 3014; x_wconf 80' lang='lat' dir='ltr'><strong>aciem</strong></span> 
     </span>
     <span class='ocr_line' id='line_1_47' title="bbox 1655 3037 2132 3108; baseline 0.002 -18"><span class='ocrx_word' id='word_1_293' title='bbox 1655 3037 1859 3108; x_wconf 86' lang='lat' dir='ltr'><strong>recipit.</strong></span> <span class='ocrx_word' id='word_1_294' title='bbox 1896 3063 1918 3085; x_wconf 74' lang='grc' dir='ltr'><strong>ι</strong></span> <span class='ocrx_word' id='word_1_295' title='bbox 1951 3038 2132 3091; x_wconf 57' lang='lat' dir='ltr'><strong>Ham).</strong></span> 
     </span>
    </p>

    <p class='ocr_par' dir='ltr' id='par_1_12' title="bbox 1653 3115 2664 3265">
     <span class='ocr_line' id='line_1_48' title="bbox 1743 3115 2664 3173; baseline -0.001 -4"><span class='ocrx_word' id='word_1_296' title='bbox 1743 3136 1828 3169; x_wconf 74' lang='lat'><strong>1².</strong></span> <span class='ocrx_word' id='word_1_297' title='bbox 1889 3116 2118 3170; x_wconf 82' lang='lat' dir='ltr'><strong>Hermioe.</strong></span> <span class='ocrx_word' id='word_1_298' title='bbox 2169 3117 2251 3169; x_wconf 84' lang='lat' dir='ltr'><strong>Dc</strong></span> <span class='ocrx_word' id='word_1_299' title='bbox 2291 3117 2386 3170; x_wconf 87' lang='lat' dir='ltr'><strong>illo</strong></span> <span class='ocrx_word' id='word_1_300' title='bbox 2427 3115 2613 3173; x_wconf 74' lang='lat' dir='ltr'><strong>Snidas</strong></span> <span class='ocrx_word' id='word_1_301' title='bbox 2651 3140 2664 3168; x_wconf 90' lang='lat'>:</span> 
     </span>
     <span class='ocr_line' id='line_1_49' title="bbox 1653 3185 2511 3265; baseline 0.002 -17"><span class='ocrx_word' id='word_1_302' title='bbox 1653 3185 1838 3265; x_wconf 64' lang='grc' dir='ltr'><strong>ἑρμίοις</strong></span> <span class='ocrx_word' id='word_1_303' title='bbox 1867 3197 1889 3247; x_wconf 87' lang='grc' dir='ltr'>ὁ</span> <span class='ocrx_word' id='word_1_304' title='bbox 1917 3198 2167 3264; x_wconf 73' lang='grc' dir='ltr'><strong>εὐνοῦχος,</strong></span> <span class='ocrx_word' id='word_1_305' title='bbox 2197 3208 2294 3248; x_wconf 87' lang='lat' dir='ltr'><strong>etc.</strong></span> <span class='ocrx_word' id='word_1_306' title='bbox 2333 3197 2511 3250; x_wconf 71' lang='grc' dir='ltr'><strong>ΗΑιιι).</strong></span> 
     </span>
    </p>

    <p class='ocr_par' dir='ltr' id='par_1_13' title="bbox 1655 3275 2674 3502">
     <span class='ocr_line' id='line_1_50' title="bbox 1743 3275 2672 3343; baseline 0.002 -17"><span class='ocrx_word' id='word_1_307' title='bbox 1743 3293 1764 3326; x_wconf 86' lang='lat'>1</span> <span class='ocrx_word' id='word_1_308' title='bbox 1780 3276 1829 3327; x_wconf 82' lang='grc'><strong>3.</strong></span> <span class='ocrx_word' id='word_1_309' title='bbox 1853 3275 1920 3327; x_wconf 84' lang='lat' dir='ltr'><strong>Ut</strong></span> <span class='ocrx_word' id='word_1_310' title='bbox 1943 3279 2096 3328; x_wconf 77' lang='lat' dir='ltr'><strong>territi</strong></span> <span class='ocrx_word' id='word_1_311' title='bbox 2118 3277 2399 3343; x_wconf 74' lang='lat' dir='ltr'><strong>refugerent.</strong></span> <span class='ocrx_word' id='word_1_312' title='bbox 2427 3276 2592 3330; x_wconf 82' lang='lat' dir='ltr'><strong>Gron.</strong></span> <span class='ocrx_word' id='word_1_313' title='bbox 2615 3287 2672 3328; x_wconf 81' lang='lat' dir='ltr'><strong>et</strong></span> 
     </span>
     <span class='ocr_line' id='line_1_51' title="bbox 1655 3353 2674 3408; baseline 0.004 -4"><span class='ocrx_word' id='word_1_314' title='bbox 1655 3353 1738 3405; x_wconf 84' lang='lat' dir='ltr'><strong>Al.</strong></span> <span class='ocrx_word' id='word_1_315' title='bbox 1759 3366 1881 3406; x_wconf 82' lang='lat' dir='ltr'><strong>ante</strong></span> <span class='ocrx_word' id='word_1_316' title='bbox 1910 3353 2074 3408; x_wconf 81' lang='lat' dir='ltr'><strong>Hard.</strong></span> <span class='ocrx_word' id='word_1_317' title='bbox 2105 3367 2160 3406; x_wconf 86' lang='lat' dir='ltr'><strong>at</strong></span> <span class='ocrx_word' id='word_1_318' title='bbox 2183 3359 2340 3407; x_wconf 79' lang='lat' dir='ltr'><strong>territi</strong></span> <span class='ocrx_word' id='word_1_319' title='bbox 2363 3358 2674 3408; x_wconf 75' lang='lat' dir='ltr'><strong>instrumenta</strong></span> 
     </span>
     <span class='ocr_line' id='line_1_52' title="bbox 1658 3433 2079 3502; baseline 0.005 -19"><span class='ocrx_word' id='word_1_320' title='bbox 1658 3433 1946 3502; x_wconf 73' lang='lat' dir='ltr'><strong>refugerent.</strong></span> <span class='ocrx_word' id='word_1_321' title='bbox 1977 3433 2079 3486; x_wconf 86' lang='lat' dir='ltr'><strong>En.</strong></span> 
     </span>
    </p>

    <p class='ocr_par' dir='ltr' id='par_1_14' title="bbox 1658 3511 2676 3892">
     <span class='ocr_line' id='line_1_53' title="bbox 1737 3511 2672 3584; baseline 0.003 -21"><span class='ocrx_word' id='word_1_322' title='bbox 1737 3511 1944 3564; x_wconf 85' lang='lat' dir='ltr'><strong>XVIII.</strong></span> <span class='ocrx_word' id='word_1_323' title='bbox 1999 3532 2046 3566; x_wconf 86' lang='lat'><strong>1.</strong></span> <span class='ocrx_word' id='word_1_324' title='bbox 2081 3512 2318 3584; x_wconf 60' lang='lat' dir='ltr'><strong>Scythica?</strong></span> <span class='ocrx_word' id='word_1_325' title='bbox 2361 3515 2672 3566; x_wconf 76' lang='lat' dir='ltr'><strong>austeritatis.</strong></span> 
     </span>
     <span class='ocr_line' id='line_1_54' title="bbox 1658 3590 2676 3664; baseline 0.003 -21"><span class='ocrx_word' id='word_1_326' title='bbox 1658 3591 1737 3644; x_wconf 91' lang='lat' dir='ltr'><strong>De</strong></span> <span class='ocrx_word' id='word_1_327' title='bbox 1777 3611 1880 3662; x_wconf 73' lang='lat' dir='ltr'><strong>qua</strong></span> <span class='ocrx_word' id='word_1_328' title='bbox 1923 3590 2126 3645; x_wconf 82' lang='lat' dir='ltr'><strong>dictum</strong></span> <span class='ocrx_word' id='word_1_329' title='bbox 2157 3606 2234 3646; x_wconf 86' lang='lat' dir='ltr'><strong>est</strong></span> <span class='ocrx_word' id='word_1_330' title='bbox 2265 3611 2382 3664; x_wconf 85' lang='lat' dir='ltr'><strong>sup.</strong></span> <span class='ocrx_word' id='word_1_331' title='bbox 2426 3611 2542 3663; x_wconf 80' lang='lat' dir='ltr'><strong>cap.</strong></span> <span class='ocrx_word' id='word_1_332' title='bbox 2589 3593 2676 3646; x_wconf 84' lang='lat' dir='ltr'><strong>sic</strong></span> 
     </span>
     <span class='ocr_line' id='line_1_55' title="bbox 1658 3669 2670 3741; baseline 0.001 -19"><span class='ocrx_word' id='word_1_333' title='bbox 1658 3669 1806 3722; x_wconf 80' lang='lat' dir='ltr'><strong>MSS.</strong></span> <span class='ocrx_word' id='word_1_334' title='bbox 1835 3673 1960 3741; x_wconf 84' lang='lat' dir='ltr'><strong>Reg.</strong></span> <span class='ocrx_word' id='word_1_335' title='bbox 1991 3691 2016 3724; x_wconf 80' lang='lat'>2</span> <span class='ocrx_word' id='word_1_336' title='bbox 2037 3711 2052 3736; x_wconf 90' lang='lat'><strong>,</strong></span> <span class='ocrx_word' id='word_1_337' title='bbox 2083 3671 2234 3725; x_wconf 87' lang='lat' dir='ltr'><strong>Colb.</strong></span> <span class='ocrx_word' id='word_1_338' title='bbox 2272 3669 2324 3721; x_wconf 84' lang='lat'><strong>3.</strong></span> <span class='ocrx_word' id='word_1_339' title='bbox 2354 3671 2486 3724; x_wconf 79' lang='lat' dir='ltr'><strong>Fux.</strong></span> <span class='ocrx_word' id='word_1_340' title='bbox 2511 3673 2670 3725; x_wconf 79' lang='lat' dir='ltr'><strong>etalii</strong></span> 
     </span>
     <span class='ocr_line' id='line_1_56' title="bbox 1658 3749 2674 3814; baseline 0.004 -13"><span class='ocrx_word' id='word_1_341' title='bbox 1658 3769 1858 3803; x_wconf 90' lang='lat' dir='ltr'><strong>omnes.</strong></span> <span class='ocrx_word' id='word_1_342' title='bbox 1884 3749 2026 3803; x_wconf 84' lang='lat' dir='ltr'><strong>Editi</strong></span> <span class='ocrx_word' id='word_1_343' title='bbox 2057 3751 2221 3814; x_wconf 85' lang='lat' dir='ltr'><strong>male,</strong></span> <span class='ocrx_word' id='word_1_344' title='bbox 2243 3753 2564 3804; x_wconf 81' lang='lat' dir='ltr'><strong>auctoritatis.</strong></span> <span class='ocrx_word' id='word_1_345' title='bbox 2603 3751 2674 3804; x_wconf 83' lang='grc' dir='ltr'><strong>Η.</strong></span> 
     </span>
     <span class='ocr_line' id='line_1_57' title="bbox 1658 3829 2564 3892; baseline 0.003 -12"><span class='ocrx_word' id='word_1_346' title='bbox 1658 3829 1864 3881; x_wconf 82' lang='lat' dir='ltr'><strong>—Mox</strong></span> <span class='ocrx_word' id='word_1_347' title='bbox 1884 3829 2030 3882; x_wconf 84' lang='lat' dir='ltr'><strong>Brot.</strong></span> <span class='ocrx_word' id='word_1_348' title='bbox 2050 3829 2185 3882; x_wconf 76' lang='lat' dir='ltr'><strong>male</strong></span> <span class='ocrx_word' id='word_1_349' title='bbox 2202 3866 2218 3892; x_wconf 88' lang='lat'><strong>,</strong></span> <span class='ocrx_word' id='word_1_350' title='bbox 2243 3829 2304 3880; x_wconf 80' lang='lat' dir='ltr'><strong>ab</strong></span> <span class='ocrx_word' id='word_1_351' title='bbox 2325 3829 2429 3883; x_wconf 78' lang='grc' dir='ltr'><strong>Ιιοσ.</strong></span> <span class='ocrx_word' id='word_1_352' title='bbox 2459 3829 2564 3883; x_wconf 83' lang='lat' dir='ltr'><strong>En.</strong></span> 
     </span>
    </p>
   </div>
   <div class='ocr_carea' id='block_1_9' title="bbox 1657 3905 2672 4040">
    <p class='ocr_par' dir='ltr' id='par_1_15' title="bbox 1657 3905 2672 4040">
     <span class='ocr_line' id='line_1_58' title="bbox 1739 3905 2672 3978; baseline 0.001 -17"><span class='ocrx_word' id='word_1_353' title='bbox 1739 3929 1790 3962; x_wconf 75' lang='lat' dir='ltr'><strong>a.</strong></span> <span class='ocrx_word' id='word_1_354' title='bbox 1827 3908 2096 3978; x_wconf 75' lang='lat' dir='ltr'><strong>Sue-dasque</strong></span> <span class='ocrx_word' id='word_1_355' title='bbox 2105 3905 2176 3976; x_wconf 83' lang='lat' dir='ltr'><strong>fit</strong></span> <span class='ocrx_word' id='word_1_356' title='bbox 2196 3908 2341 3960; x_wconf 66' lang='lat' dir='ltr'><strong>cotos.</strong></span> <span class='ocrx_word' id='word_1_357' title='bbox 2382 3910 2672 3978; x_wconf 77' lang='lat' dir='ltr'><strong>Hebesque</strong></span> 
     </span>
     <span class='ocr_line' id='line_1_59' title="bbox 1657 3986 1944 4040; baseline 0.007 -2"><span class='ocrx_word' id='word_1_358' title='bbox 1657 3986 1735 4038; x_wconf 80' lang='lat' dir='ltr'><strong>fit.</strong></span> <span class='ocrx_word' id='word_1_359' title='bbox 1768 3987 1944 4040; x_wconf 69' lang='grc' dir='ltr'><strong>ΗΑιιι).</strong></span> 
     </span>
    </p>
   </div>
  </div>
 </body>
</html>
