2975 4684
460 374 551 443 80
999 371 1076 440 C.
1125 370 1461 440 PLINII
1509 371 1719 441 NAT.
1770 371 2023 440 HIST.

459 506 642 576 tariis
682 502 828 572 fieri
872 515 1287 595 compertum
1340 515 1461 572 est.
1524 505 1868 573 Invenitur
1921 517 1989 571 et
2046 505 2115 572 in
2165 502 2585 598 plumbariis,

463 610 653 682 vilior
679 611 875 678 etiam
920 609 1200 676 auraria.
1248 611 1331 676 In
1367 609 1673 678 omnibus
1708 623 1929 678 autem
1972 611 2049 678 iis
2096 609 2371 680 metallis
2408 612 2486 682 fit
2519 628 2588 684 et

461 740 650 805 cura,
689 713 970 804 multum
1007 713 1179 782 infra
1208 713 1578 784 naturalem
1621 713 1799 784 illam
1831 737 1852 782 .’
1898 716 2201 786 immissis
2240 718 2309 785 in
2344 742 2583 789 venam

462 824 646 916 aquis
683 821 914 890 leviter
941 819 1158 890 hieme
1195 834 1372 908 tota,
1419 846 1624 915 usque
1658 822 1725 889 in
1752 821 2013 914 junium
2050 845 2339 892 mensem
2380 849 2394 892 ε
2434 824 2589 894 dein

463 929 718 998 siccatis
757 928 826 995 in
858 926 1051 1019 junio
1082 940 1150 994 et
1181 925 1390 1020 julio·
1430 941 1508 996 ut
1539 926 1731 1022 plane
1760 924 2163 1064 ὶηῐεΙΙίΔςειωι·
2200 919 2381 998 nihil'
2410 929 2589 999 aliud

464 1031 908 1128 chrysocolla,
950 1055 1146 1125 quam
1185 1057 1351 1101 vena
1377 1035 1631 1162 putris.
1688 1033 1936 1102 Nativa
2018 1032 2257 1102 duritia
2300 1037 2586 1105 maxime

463 1139 695 1227 distat3
717 1137 962 1206 luteam
983 1151 1253 1208 vocant.
1280 1123 1399 1206 Et⁵
1427 1153 1650 1208 tamen
1675 1138 1787 1208 illa
1820 1162 2082 1232 quoque
2108 1139 2314 1208 herba
2340 1193 2360 1228 ‚
2386 1165 2585 1236 quam

463 1245 701 1315 lutum
719 1228 1113 1339 appellant⁶,
1141 1245 1435 1338 tingitur.
1466 1244 1763 1314 Natura⁷
1797 1259 1934 1329 est,
1966 1269 2112 1338 quae
2138 1243 2275 1314 lino
2307 1243 2585 1330 lanaeve,

469 1351 554 1420 ad
593 1374 864 1420 succum
911 1348 1289 1418 bibendum.
1331 1337 1696 1420 Tunditur⁸
1748 1351 1815 1420 in
1864 1296 2034 1444 pila,
2087 1349 2365 1419 deinde⁹
2408 1353 2589 1420 tenui

464 1431 685 1528 cribro
703 1457 1026 1525 cernitur.
1045 1470 1278 1550 postea
1309 1453 1600 1544 molitur,
1626 1480 1704 1525 ac
1726 1455 1961 1526 deinde
1993 1455 2286 1526 tenuius¹
2292 1455 2590 1527 ‘’cribra-

549 1628 604 1685 4.
625 1621 828 1676 Nativa.
846 1620 1037 1673 Nativa
1061 1619 1312 1673 factitiam
1335 1620 1489 1674 istam
1573 1621 1681 1673 sius
1698 1656 1713 1680 ,
1752 1621 1899 1672 lotam
1938 1633 2031 1674 aut
2070 1621 2203 1673 loton
2226 1642 2246 1676 .·
2280 1621 2369 1677 hic
2411 1634 2591 1675 noster

467 1701 849 1774 chrysocollam
882 1697 1076 1752 duritia
1103 1711 1334 1771 superat.
1363 1700 1432 1752 Η.
1573 1700 1731 1770 plane
1762 1700 1879 1754 luto.
1924 1700 2109 1754 Statim
2127 1740 2145 1767 ,
2184 1727 2206 1749 ι
2231 1695 2435 1755 Natura
2476 1713 2555 1756 est
2576 1737 2595 1766 ,

551 1781 602 1834 5.
655 1780 728 1832 Ee
772 1790 946 1830 tamen.
997 1777 1063 1830 Et
1101 1777 1449 1841 nihilominus
1469 1809 1487 1838 ‚
1574 1795 1694 1848 qua
1721 1778 1833 1831 lino
1855 1779 2053 1832 lanoeve
2079 1779 2146 1832 ad
2168 1799 2383 1834 succum
2411 1780 2594 1834 biben-

469 1877 633 1930 quum
649 1858 790 1910 lutea
805 1856 1112 1927 appelletur,
1131 1851 1296 1908 herba
1315 1867 1491 1909 tamen
1574 1855 1721 1908 dum.
1734 1881 1757 1903 a
1783 1858 1937 1909 Voss.
1957 1859 2358 1921 sucumNoluit,
2380 1859 2594 1930 opinor,

466 1955 589 2009 quoe
617 1937 790 1996 lutum
809 1947 1166 2004 nuncupatur,
1187 1933 1300 2005 ipsa
1328 1934 1482 2004 tingi·
1562 1934 1763 2002 sucum,
1790 1933 1843 1987 id
1876 1948 1982 2000 est,
2008 1936 2261 1990 colorem.
2288 1938 2471 1991 Giton.
2526 1976 2535 1988 .

471 2030 578 2070 tur.
621 2015 702 2067 Ut
748 2014 923 2066 lutum
972 2009 992 2074 (
1015 2014 1088 2068 sio
1137 2013 1280 2065 enim
1332 2012 1491 2066 MSS.
1657 2035 1708 2079 ⁷·
1737 2014 1952 2068 Natura.
1976 2014 2351 2086 chrysocolla.
2380 2013 2565 2070 Hsnn.

470 2113 654 2148 omnes
698 2094 896 2147 habent
935 2091 956 2157 )
1005 2111 1096 2145 seu
1146 2092 1366 2144 herbam
1420 2093 1497 2144 lu-

469 2163 612 2228 team
655 2171 897 2226 eamdem
933 2190 1043 2226 esse
1080 2189 1298 2242 negem,
1338 2184 1495 2241 atque

469 2255 622 2308 isatin
641 2291 656 2318 ,
683 2253 794 2306 sive
820 2251 1021 2304 nitrum
1045 2290 1060 2314 ,
1088 2248 1155 2303 de
1184 2267 1291 2320 quo
1313 2249 1495 2315 xxn,

479 2354 534 2394 2,
582 2331 717 2387 illud
761 2331 819 2384 in
859 2331 1044 2402 primis
1081 2329 1137 2382 in
1190 2347 1346 2382 causa
1385 2342 1495 2397 est,

475 2412 621 2486 quod
645 2415 790 2465 luteo
825 2410 1006 2463 colore
1029 2409 1119 2461 illa
1144 2408 1334 2473 inficit,
1355 2409 1498 2462 isatis

474 2491 715 2547 caruleo.
737 2489 917 2554 Quare
937 2489 1129 2541 caerulo
1149 2488 1306 2541 mixta
1330 2488 1497 2542 herba

472 2573 674 2628 lutum.
719 2566 945 2622 viridem
985 2569 1210 2621 maxime
1256 2569 1496 2622 colorem

475 2649 654 2705 efficit.
673 2648 846 2701 Testis
867 2647 1146 2700 Vitruvius
1169 2665 1184 2700 ε
1212 2674 1235 2695 ι
1255 2646 1364 2713 Qui
1387 2666 1497 2701 nou

475 2739 699 2802 possunt
733 2727 1068 2800 chrysocolla
1107 2740 1320 2799 propter
1367 2728 1499 2780 cari·

478 2821 636 2864 tatem
661 2807 737 2861 uti
757 2847 774 2873 ,
791 2807 958 2860 herba
985 2826 1101 2876 qun
1123 2807 1292 2860 lutum
1321 2807 1499 2876 appel-

477 2891 634 2954 latur,
651 2887 904 2940 cerulum
927 2885 1193 2952 inliciunt,
1213 2897 1263 2938 et
1279 2898 1501 2939 utuntur

478 2967 803 3022 viridissimo
821 2965 1014 3019 colore.
1032 2992 1053 3013 ι
1077 2963 1220 3018 Vide
1237 2966 1499 3036 egregiam

479 3066 638 3117 super
687 3065 751 3098 eo
791 3058 1101 3116 argumento
1148 3043 1341 3098 Ruellii
1377 3063 1502 3098 con-

479 3125 856 3191 certationem,
908 3123 979 3176 de
1027 3125 1149 3177 Nat.
1215 3125 1366 3195 stirp.
1412 3125 1501 3190 11,

479 3225 536 3277 p.
570 3203 701 3269 434.
737 3203 804 3257 Η.
833 3234 910 3245 —
940 3203 1040 3256 Illa
1067 3203 1231 3269 herba,
1259 3223 1398 3275 quan·
1420 3204 1500 3255 lu-

482 3301 580 3338 tum
602 3282 866 3354 appellant.
901 3283 1098 3336 Lutum
1128 3283 1283 3336 nobis
1309 3295 1387 3336 est
1413 3283 1503 3336 Ro-

481 3366 596 3418 seda
619 3361 796 3414 luteola
827 3357 1134 3424 (Dodecand.
1167 3364 1348 3432 trigyn.
1375 3380 1499 3433 gen.
1517 3361 1520 3365 ’
1563 3373 1575 3384 “

491 3444 637 3502 ιι88
669 3442 809 3495 Pers.
833 3437 1098 3512 Capparid.
1128 3439 1272 3512 affin.
1298 3431 1501 3510 Jussq)

483 3523 551 3579 de
574 3540 673 3597 qua
691 3523 798 3592 jam
821 3519 949 3573 alias
977 3521 1197 3592 egimus.
1218 3519 1318 3574 En.

564 3607 619 3658 6.
643 3601 740 3654 [lla
757 3619 938 3672 quoque
960 3599 1122 3664 herba,
1153 3617 1292 3669 quam
1323 3599 1499 3650 luteam

481 3683 758 3756 appellant,
804 3684 903 3733 etc.
931 3679 1085 3732 Voss.
1138 3698 1279 3750 quam
1331 3677 1498 3731 lutum.

482 3765 560 3818 Ut
598 3775 653 3817 et
693 3760 872 3813 infra:
919 3784 942 3807 ιι
968 3759 1190 3811 Luteam
1232 3769 1418 3830 putant
1467 3776 1499 3811 a

478 3844 596 3897 luto
621 3841 784 3894 herba
820 3837 1033 3892 dictam.
1061 3863 1084 3886 ιι
1115 3837 1222 3890 Ubi
1250 3837 1501 3910 pracepit

481 3921 762 3975 Salmasius
805 3916 873 3971 ad
907 3917 1071 3972 Solin.
1108 3937 1228 3989 pag.
1265 3916 1392 3970 255.
1428 3917 1500 3968 Et

481 4014 654 4054 tamen
687 3997 811 4051 libri
845 4011 1079 4063 veteres,
1106 3997 1304 4070 quibus
1331 3996 1498 4050 inten-

1658 2093 1711 2146 8.
1744 2093 1999 2146 Panditur.
2023 2094 2192 2146 Pilam
2228 2095 2353 2148 alibi
2390 2094 2595 2148 monui-

1575 2189 1695 2224 mus
1738 2191 1850 2226 esse
1884 2191 1977 2224 vas
2018 2191 2339 2240 concavum,
2390 2173 2447 2226 in
2482 2191 2593 2246 quo

1574 2248 1705 2322 quid
1744 2251 1987 2322 pinsitur,
2020 2251 2386 2325 tunditurque.
2438 2253 2594 2307 Nunc

1576 2335 1854 2382 mortarium
1876 2344 2083 2384 vocant.
2108 2331 2345 2386 Similem
2370 2333 2481 2386 fere
2504 2350 2595 2404 pa-

1575 2408 1755 2462 rando
1802 2408 2194 2483 probandaeque
2252 2412 2597 2483 chrysocolla

1576 2487 1799 2542 modum
1838 2491 1995 2544 affert
2020 2491 2199 2544 Diosc.
2227 2492 2301 2555 V,
2337 2497 2464 2556 104.
2484 2491 2552 2545 Η.
2643 2498 2650 2506 ”

1658 2589 1713 2638 9.
1772 2570 1902 2622 Dein
1954 2573 2083 2622 tenui
2126 2571 2282 2624 cribro
2320 2575 2596 2626 secernitur.

1577 2648 1733 2702 Voss.
1762 2662 1817 2701 et
1839 2649 2077 2702 Pintiani
2102 2651 2237 2702 liber
2258 2651 2415 2704 cribro
2445 2654 2597 2704 cemi-

1580 2738 1675 2779 ων.
1706 2727 1825 2784 Lib.
1853 2728 2070 2790 XVIII,
2108 2748 2168 2784 ιι
2206 2750 2219 2780 =
2250 2757 2271 2779 ι
2304 2731 2599 2802 Posteaqud

1579 2807 1729 2879 gypsi
1769 2827 1890 2879 pars
1935 2821 2117 2880 quarta
2156 2811 2498 2881 inspergitur,
2528 2823 2600 2864 at-

1580 2905 1709 2957 que,
1748 2901 1809 2940 ut
1850 2888 2063 2942 cohaesit
2084 2927 2101 2954 ,
2142 2890 2365 2943 farinam
2412 2889 2596 2943 cribro

1578 2967 1921 3021 subcernunt.
1949 2968 2081 3033 Quae
2118 2968 2175 3022 in
2204 2987 2269 3022 eo
2316 2968 2596 3034 remansit,

1581 3047 1873 3118 excepticia
1898 3047 2214 3118 appellatur,
2240 3059 2289 3099 et
2316 3045 2595 3118 grandissi-

1582 3143 1667 3178 ma
1715 3138 1808 3178 est.
1856 3127 2056 3178 Rursus
2097 3143 2213 3195 quai
2258 3127 2483 3190 transiit,
2520 3143 2600 3178 ar-

1581 3205 1745 3256 ctiore
1773 3204 2007 3255 cernitur
2036 3215 2086 3254 et
2112 3201 2421 3256 secundaria
2448 3220 2598 3256 voca-

1580 3295 1686 3335 tur.
1713 3305 1735 3326 ·
1775 3279 2138 3345 Liuxxxv,
2169 3285 2201 3334 6
2221 3317 2238 3345 ,
2269 3279 2339 3333 de
2364 3281 2551 3335 Indico
2580 3298 2595 3333 :

1589 3377 1805 3432 nquum
1829 3360 2083 3424 cernitur,
2102 3361 2312 3431 nigrum
2330 3379 2346 3426 3
2370 3375 2423 3415 at
2444 3361 2501 3414 in
2518 3357 2598 3412 di-

1580 3435 1777 3492 luendo
1796 3438 2078 3492 mixturam
2098 3457 2350 3511 purpure
2368 3438 2599 3493 cerulei·

1578 3537 1687 3590 que
1730 3517 2025 3571 mirabilem
2069 3517 2299 3572 reddit.»
2328 3518 2418 3574 Sic
2458 3520 2598 3572 bene

1580 3596 1893 3662 Salmasius,
1924 3614 2088 3667 quum
2129 3611 2183 3652 et
2217 3599 2274 3652 in
2298 3597 2453 3653 Voss.
2492 3597 2562 3652 sit
2582 3634 2600 3662 ,

1580 3689 1818 3730 cernatur.
1842 3675 2024 3732 Gaon.

1673 3774 1757 3810 xo.
1786 3757 1867 3809 Ac
1906 3756 2079 3810 deinde
2116 3759 2300 3810 temam
2322 3761 2393 3810 sic
2417 3755 2602 3807 cribra-

1588 3848 1682 3890 tur.
1712 3837 1942 3890 Detrahe
1968 3836 2275 3908 particulam
2296 3837 2367 3887 sie
2392 3853 2453 3887 ex
2472 3834 2603 3888 anti-

1586 3935 1695 3988 quo
1722 3914 1937 3981 codice,
1959 3929 2009 3969 et
2033 3917 2194 3986 paulo
2215 3928 2351 3986 post,
2374 3915 2602 3979 lomento,

1585 4015 1695 4049 non
1717 3997 1966 4048 bmnium
1982 4033 2000 4060 ,
2028 3991 2247 4048 ibidem.
2278 3995 2438 4048 Pur.
