2975 4684
458 309 595 380 162

988 309 1065 374 C.
1126 307 1459 376 PLINII
1509 307 1726 376 NAT.
1781 307 2038 375 HlsT.

378 473 403 505 2
444 445 660 518 factus
718 465 757 510 a
815 441 1109 534 Lysippo
1161 463 1249 510 x1.
1284 438 1680 509 cubitorum.
1732 425 2024 508 Mirum⁸
2068 439 2136 508 in
2195 464 2316 528 eo,
2387 441 2574 535 quod

442 575 682 634 manu,
718 561 792 614 ut
832 545 1090 630 ferunt,
1136 545 1397 614 mobilis
1432 537 1555 632 (ea
1587 545 1753 613 ratio
1796 542 2168 615 libramenti
2202 534 2342 638 est)
2379 545 2574 634 nullis

442 653 852 728 convellatur
888 649 1215 745 procellis.
1244 651 1321 719 Id
1353 650 1615 745 quidem
1655 650 2024 744 providisse
2055 666 2122 720 ct
2159 653 2392 722 artifex
2419 653 2576 722 dici-

438 780 583 846 tur,
627 756 889 827 modico
937 756 1321 837 intervallo,
1371 753 1550 825 unde
1599 758 1883 826 maxime
1919 757 2188 828 flatum⁹
2220 784 2388 852 opus
2430 773 2576 828 erat

437 865 685 958 frangi,
726 864 1033 958 opposita
1086 861 1415 932 columna.
1457 866 1690 956 Itaque
1733 879 2010 957 propter
2053 864 2571 958 ,magnitudinem

436 967 1027 1063 difficultatemque
1055 967 1399 1052 moliendi,
1438 992 1574 1036 non
1615 969 1830 1063 attigit
1857 993 2026 1042 eum.
2047 971 2288 1052 Fabius
2312 973 2568 1040 Verru-

435 1101 628 1150 cosus
646 1074 719 1162 ¹⁰,
746 1099 951 1171 quum
982 1072 1335 1172 Herculem
1354 1071 1429 1161 ¹¹,
1443 1075 1559 1167 qui
1589 1087 1690 1143 est
1717 1077 1780 1142 in
1803 1075 2134 1179 Capitolio
2150 1129 2168 1160 ,
2184 1076 2338 1145 inde
2362 1091 2572 1146 trans·

358 1195 387 1242 3
434 1184 657 1254 ferret.
696 1189 873 1252 Ante
906 1205 1137 1251 omnes
1174 1195 1394 1250 autem
1430 1181 1499 1246 in
1541 1179 1980 1250 admiratione.
2022 1181 2146 1250 fuit
2183 1180 2412 1254 Solis¹²
2457 1207 2569 1252 co·
2617 1185 2620 1189 ’

434 1289 647 1364 lossus
690 1289 947 1373 Rhodi,
1005 1281 1202 1381 quem
1258 1285 1506 1356 fecerat
1560 1286 1814 1356 Chares
1835 1273 1883 1312 ²³
1935 1286 2244 1374 Lindius,
2297 1289 2571 1383 Lysippi

424 1488 551 1544 dem
592 1487 740 1542 Iovis
778 1483 1029 1548 colossei‚
1082 1483 1327 1542 omnium
1360 1504 1449 1538 eo·

422 1570 685 1624 lossorum
702 1605 718 1631 ,
741 1566 835 1634 qui
865 1575 978 1615 tum
1006 1565 1307 1628 exstabant,
1330 1576 1451 1636 post

424 1647 700 1702 Rhodium
730 1642 981 1708 maximi,
1009 1644 1067 1696 in
1100 1643 1217 1696 foro
1244 1645 1449 1698 Teren-

424 1729 659 1784 tinorum
692 1722 879 1795 positi,
912 1723 1190 1776 meminit:
1218 1722 1310 1776 sed
1346 1742 1448 1777 nec

424 1826 560 1879 opus
598 1803 655 1858 id
682 1801 904 1874 Lysippi
933 1802 1091 1856 fuisse
1131 1801 1326 1866 tradit,
1348 1820 1453 1856 nec

423 1888 647 1940 Romam
677 1881 979 1936 devectum.
1007 1884 1145 1935 Du..
1175 1913 1255 1925 —
1289 1882 1443 1934 Talis.

308 2013 315 2020 .
421 1964 631 2037 Jupiter
678 1961 968 2028 nimirum,
1012 1980 1123 2014 non
1164 1955 1488 2026 Hercules,‘

427 2056 541 2098 utet
564 2040 796 2096 credidit
815 2040 1191 2111 Delecampius
1212 2061 1225 2092 ε
1252 2041 1455 2094 Hercu·

426 2124 533 2177 lem
566 2122 709 2176 enim
727 2161 743 2186 ‚
768 2133 829 2174 ut
850 2139 973 2174 mox
1001 2120 1233 2186 dicetur,
1259 2119 1456 2174 Fabius

426 2205 653 2256 Romam
697 2203 931 2254 Tarento
978 2199 1275 2266 transtulit,
1318 2199 1454 2255 Jove

432 2283 509 2336 ibi
530 2283 737 2336 relicto.
768 2282 951 2333 Hun-

512 2365 579 2418 8..
612 2361 812 2415 Mirum.
849 2360 913 2411 In
942 2376 1005 2411 eo
1032 2357 1238 2410 colosso
1267 2356 1325 2410 id
1354 2357 1455 2410 mi·

430 2459 551 2496 rum
578 2482 593 2506 ‚
636 2437 783 2511 quod
830 2457 997 2508 quum
1041 2435 1245 2490 moveri
1291 2438 1456 2507 possit

432 2538 623 2586 manu,
646 2536 709 2572 ea
734 2530 913 2570 tamen
931 2516 1085 2569 librae
1108 2517 1243 2570 ratio
1260 2529 1337 2569 est
1355 2555 1369 2581 ,
1397 2529 1459 2571 nt

432 2599 604 2654 ventis
620 2610 673 2650 et
695 2595 1095 2666 tempestatibus
1125 2596 1348 2650 resistat.
1369 2597 1439 2652 H.

518 2695 571 2748 9.
590 2676 806 2730 Fleuum.
831 2677 1089 2728 Ventum.
1119 2675 1187 2730 Η.
1202 2707 1283 2718 —-
1304 2674 1459 2745 Diffi-

436 2758 752 2827 cultuumque
778 2755 1017 2808 moliendi.
1048 2754 1137 2808 Sic
1168 2755 1327 2808 etiam
1360 2756 1460 2810 Gr.

406 2824 494 2894 'et
520 2837 609 2892 Al.
636 2837 757 2905 diss.
784 2835 998 2887 mmndz
1022 2837 1167 2888 nrm.
1195 2835 1300 2887 En.

526 2936 611 2972 ιο.
634 2916 821 2970 Fabius
844 2913 1153 2967 Verrucosus.
1177 2914 1245 2980 Q.
1269 2913 1463 2966 Fabius

440 2993 1465 3064 Maximusdictntor‚Cunctatorquc,cui

442 3093 663 3132 verruca
699 3095 761 3128 ex
802 3093 1015 3128 summo
1062 3073 1208 3127 labio
1244 3073 1463 3126 extube-

444 3175 567 3212 rans
586 3155 871 3208 Verrucosi
899 3171 1095 3206 nomen
1128 3151 1291 3206 dedit.
1321 3153 1461 3209 Plut.

446 3236 504 3288 in
533 3235 727 3300 Fabio,
754 3253 811 3306 p.
842 3240 973 3304 174.
1010 3234 1077 3298 Q.
1108 3233 1286 3288 Seren.
1320 3251 1424 3286 mxv
1446 3271 1462 3298 ‚

446 3333 507 3387 p.
540 3318 647 3376 164
677 3335 689 3366 ε
721 3340 742 3361 ιι
766 3311 1040 3366 Interdum
1084 3312 1285 3366 exsistit
1315 3312 1463 3384 turpi

446 3412 665 3448 verruca
702 3393 903 3464 papilla
946 3411 960 3444 :
1017 3391 1157 3446 Hinc
1194 3391 1465 3463 quondam

448 3473 614 3527 Fabio
652 3490 836 3525 verum
880 3489 1175 3541 cognomen
1216 3471 1466 3538 ndhaesit,

451 3554 563 3619 Qui
588 3553 731 3607 solus
761 3551 945 3623 patria
976 3549 1277 3604 cunctando
1312 3551 1464 3604 resti·

449 3633 551 3690 tuit
573 3653 704 3687 rem.
738 3657 759 3679 ι
788 3631 970 3684 Hum-

538 3729 559 3766 1
577 3733 599 3767 1
612 3754 625 3766 .
646 3715 805 3783 Quum
820 3709 1086 3763 Herculem.
1103 3709 1181 3762 lta
1196 3709 1465 3765 Plutarch.

447 3793 504 3846 in
530 3793 717 3860 Fabio,
742 3809 859 3863 pag.
890 3791 1015 3860 187,
1044 3802 1099 3842 et
1122 3790 1332 3854 Strabo,
1356 3791 1462 3856 vl,

443 3891 564 3944 pag.
603 3874 733 3942 ²78·
775 3869 1088 3925 Dedicatum
1131 3869 1235 3922 hoc
1266 3868 1462 3924 deinde

1533 1484 1757 1556 pitolio‚
1767 1504 1892 1543 nnn.
1914 1486 1988 1538 U.
2011 1485 2140 1552 450,
2157 1487 2218 1540 P.
2241 1487 2564 1559 Sempronio

1537 1565 1753 1638 Sopho,
1801 1565 1861 1624 P.
1917 1567 2152 1637 Sulpicio
2212 1568 2530 1621 Saverrione
2551 1609 2567 1634 ,

1535 1663 1668 1700 coss.
1690 1658 1749 1698 ut
1765 1644 1950 1699 Livius
1967 1647 2148 1712 refert,
2169 1647 2272 1712 IX,
2291 1665 2409 1720 pag.
2433 1666 2455 1702 1
2469 1651 2540 1717 69
2553 1688 2566 1702 .

1537 1725 1618 1776 De
1643 1743 1708 1778 eo
1734 1725 1966 1778 Hercule
1991 1743 2150 1797 quem
2175 1726 2334 1780 finxit
2373 1729 2571 1799 Lysip-

1537 1821 1636 1872 pus
1649 1817 2033 1875 pervenustum
2051 1805 2268 1860 Gemini
2287 1806 2573 1877 Epigram-

1539 1899 1624 1934 ma
1673 1881 1899 1952 legimns
1947 1883 2004 1936 in
2060 1885 2262 1938 Anthol
2315 1886 2419 1951 IV,
2471 1888 2504 1940 8
2555 1903 2569 1938 :

1537 1950 1756 2031 fipoexhc
1799 1967 1894 2014 ποῦ
1923 1981 1998 2015 σοι
2021 1965 2224 2032 πτόρθος
2263 1967 2419 2034 μέγας
2437 2002 2453 2027 ,
2478 1964 2567 2022 ἤτε

1541 2041 1749 2106 Νίμειος
1771 2044 1994 2104 xlii-ea,
2022 2041 2105 2094 mi
2125 2044 2160 2099 ἡ
2189 2043 2337 2106 τόξων
2357 2043 2569 2112 (pulses

1543 2115 1743 2184 ἰοδόκης
1793 2124 1896 2172 Ποῦ
1948 2118 2152 2190 σοὸαρὸν
2207 2123 2410 2192 μίμημα
2435 2141 2454 2188 3
2490 2123 2566 2184 τίς

1540 2199 1756 2252 ἔπλασεν
1772 2192 1872 2251 ὧδι
1891 2204 2116 2270 κατηφῆς
2133 2201 2393 2261 Λύσιππος
2410 2223 2424 2236 ·
2446 2208 2570 2268 χαλ-

1541 2285 1614 2349 κῷ
1651 2275 1704 2331 δ’
1745 2279 2028 2350 ἐγκατέμιξ’
2062 2275 2257 2336 ὀδύνην.
2303 2263 2440 2350 ‘Axe-41
2480 2300 2567 2350 γυ·

1544 2356 1744 2428 μνωθιὶς
1769 2359 1927 2412 ὅπλων
1952 2361 2061 2422 σεός
2090 2361 2165 2422 τίς
2184 2355 2245 2411 δι’
2267 2360 2315 2412 α’
2337 2360 2568 2430 fvt-spem

1544 2430 1589 2491 ὁ
1629 2440 1849 2507 πτερόεις
1879 2433 2056 2500 (ὅντως
2091 2430 2156 2500 εἷς
2195 2439 2344 2512 βαρὺς
2387 2432 2568 2508 ἆθλος)

1546 2517 1682 2587 ipone.
1717 2542 1739 2563 ι
1777 2516 1962 2570 Alcide
1983 2556 1998 2583 ,
2027 2537 2136 2589 quo
2163 2520 2311 2572 clava
2337 2518 2432 2572 tibi
2451 2553 2466 2578 ,
2499 2531 2570 2572 te-

1546 2596 1715 2666 lisque
1741 2596 1984 2666 pharetra
2016 2597 2204 2664 Dives,
2228 2611 2282 2652 et
2306 2617 2336 2651 e
2371 2599 2569 2652 Nemea

1544 2688 1729 2746 raptus
1763 2676 1982 2730 amictus
2028 2677 2178 2730 abit?
2212 2678 2391 2732 Festus
2433 2678 2572 2732 ubi?

1547 2755 1668 2826 quis
1707 2769 1758 2808 te
1802 2768 1908 2808 tam
1941 2756 2078 2809 tristi
2119 2757 2298 2811 fronte
2334 2757 2569 2828 figurat?

1547 2833 1811 2905 Lysippus
1837 2855 1850 2886 ε
1878 2849 2032 2907 paret
2051 2837 2250 2890 multus
2267 2837 2320 2890 in
2345 2855 2448 2890 ere
2472 2836 2568 2889 do·

1547 2913 1632 2965 lor
1666 2931 1681 2966 ε
1724 2916 1882 2967 Arma
1923 2915 2018 2968 tibi
2057 2935 2244 2970 moeres
2283 2917 2514 2971 detracta
2551 2935 2566 2970 τ

1549 2993 1666 3064 quis
1689 2993 1901 3047 abstulit
1927 2994 2054 3048 ills?
2078 2996 2261 3050 Unum
2280 3010 2568 3060 certamen,

1549 3071 1638 3126 sed
1667 3091 1856 3142 grave,
1900 3093 2104 3146 praepes
2135 3075 2321 3128 Amor.
2354 3100 2376 3121 ι
2417 3076 2487 3128 Η.

1637 3170 1724 3206 12.
1749 3151 1894 3206 Solis.
1929 3154 2260 3208 Describitur
2288 3155 2332 3207 is
2361 3153 2567 3224 egregie

1549 3251 1578 3285 a
1602 3231 1824 3286 Philone
1857 3233 2108 3303 Byzantio
2130 3233 2197 3287 de
2217 3245 2416 3304 septem
2441 3233 2565 3284 Mir.

1547 3330 1668 3384 pag.
1696 3330 1719 3365 1
1737 3331 1784 3366 r.
1806 3311 1946 3364 Vide
1966 3327 2019 3368 et
2038 3312 2262 3366 Anthol.
2287 3313 2386 3374 vl,
2403 3329 2488 3382 ep.
2515 3327 2565 3362 r.

1639 3389 1726 3445 13.
1769 3391 1968 3445 Chares.
2000 3393 2280 3446 Inchoarnt
2315 3392 2360 3443 is
2392 3407 2516 3442 sane
2549 3409 2560 3439 :

1552 3469 1646 3526 sed
1671 3489 1836 3542 quum
1872 3485 2092 3528 errasset
2115 3472 2171 3523 in
2201 3471 2406 3525 ratione
2441 3468 2566 3520 sub-

1553 3549 1810 3604 ducendae
1831 3551 2104 3622 impense,
2121 3569 2282 3622 opere
2300 3548 2567 3614 inchoato,

1553 3631 1655 3683 sibi
1705 3649 1887 3684 necem
1940 3631 2140 3684 intulit.
2185 3631 2382 3682 Auctor
2423 3627 2564 3684 sext.

1550 3710 1760 3782 Empir.
1800 3709 2004 3763 advers.
2037 3709 2346 3764 Math.vl1.
2381 3708 2568 3778 ltaque

1550 3791 1776 3860 perfecit
1814 3791 1974 3854 alius,
2024 3807 2088 3842 ex
2130 3785 2316 3840 eodem
2360 3785 2567 3858 oppido

1551 3869 1728 3924 Rhodi
1763 3867 1958 3922 Lindo.
2005 3869 2084 3922 De
2122 3886 2232 3938 quo
2279 3865 2568 3924 Simonidis

438 3953 783 4006 simulacrum
806 3963 885 4004 est
894 3988 911 4018 2
932 3950 1273 4022 positumque
1290 3951 1346 4004 in
1364 3951 1462 4005 Ca·
1545 3961 1712 4004 exstat
1733 3950 2054 4021 epigramma
2073 3947 2128 4000 in
2147 3947 2364 4000 Anthol.
2385 3945 2490 4016 IV,
2510 3949 2568 3998 δε
