2975 4684
1068 387 1387 456 LIBER
1439 387 1822 455 xxxlu.
2428 409 2511 484 77
2590 439 2595 442 .

397 544 620 605 arcus,
656 518 1022 589 caelestibus
1060 518 1336 605 similes,
1381 543 1537 588 cum
1567 521 1761 616 igneo
1796 519 2111 609 stridore3
2152 536 2219 590 et
2256 525 2519 617 gemina

397 628 649 694 ratione
667 623 714 648 ¹⁰
743 624 1126 720 praedicunt.

502 733 754 801 XXIV.
811 737 1026 800 Aurea
1075 745 1290 799 statua
1339 731 1554 824 prima
1597 732 1891 800 omnium
1944 730 2123 800 nulla
2164 733 2512 821 inanitate,
2553 760 2578 796 1

395 852 464 906 et
493 852 862 931 antequam
882 861 963 905 ex
997 861 1126 906 aere
1155 835 1372 930 aliqua
1397 834 1509 906 illo
1540 835 1740 906 modo
1769 837 1993 922 fieret,
2035 862 2232 932 quam
2264 855 2511 909 vocant

397 940 976 1038 holosphyratonss
1009 943 1075 1010 in
1112 939 1361 1035 templo
1399 941 1755 1012 Anaitidis²
1774 945 2001 1038 -posita
2050 944 2291 1014 dicitur
2334 938 2511 1039 (quo

397 1050 480 1118 sit
525 1052 652 1120 situ
704 1061 1028 1118 terrarum
1072 1073 1314 1117 nomen
1365 1049 1497 1118 hoc
1552 1035 2101 1186 significavimus³
2129 1045 2189 1140 )‚
2240 1053 2511 1121 numine
2594 1117 2601 1128 ,

398 1155 700 1250 gentibus
735 1153 857 1224 illis
895 1155 1352 1224 sacratissimo.
1385 1142 1699 1248 Direpta⁴
1736 1170 1839 1226 est
1882 1155 2148 1226 Antonii
2186 1157 2507 1228 Parthicis

397 1260 630 1330 rebus:
663 1262 1028 1354 scitumque
1061 1273 1370 1328 narratur
1394 1259 1645 1329 dictum
1676 1261 1869 1332 unius
1891 1275 2357 1330 veteranorum
2386 1267 2511 1334 Bo·

397 1368 642 1445 noniae,
689 1365 995 1460 hospitali
1037 1365 1172 1433 divi
1221 1367 1500 1460 Augusti
1541 1389 1764 1454 coena,
1814 1390 2019 1460 quum
2070 1369 2511 1463 interrogare-

397 1485 529 1556 tur,
555 1486 810 1542 essetne
845 1495 1074 1539 verum
1093 1524 1112 1556 ‚
1150 1494 1302 1537 eum
1323 1471 1435 1563 qui
1464 1472 1718 1565 primus
1740 1469 2048 1540 violasset
2071 1471 2203 1541 hoc
2232 1497 2513 1556 numen,

395 1576 605 1647 oculis
647 1576 1089 1669 membrisque
1140 1587 1406 1670 captum
1454 1574 1855 1670 exspirasse?
1901 1577 2268 1706 Respondit
2306 1581 2515 1666 enim,

395 1697 543 1752 tum
569 1682 850 1750 maxime
887 1685 1256 1776 Augustum
1278 1680 1360 1749 de
1384 1705 1577 1750 crure
1598 1682 1738 1775 ejus
1759 1707 2024 1752 coenare
2069 1737 2089 1770 ,
2112 1709 2309 1778 seque
2332 1683 2515 1753 illum

395 1812 575 1876 esse,
611 1801 958 1881 totumque
994 1787 1117 1856 sibi
1153 1811 1422 1857 censum
1459 1813 1543 1856 ex
1582 1811 1661 1856 ea
1697 1790 1949 1883 rapina.
1993 1791 2351 1860 Hominum
2382 1793 2517 1886 pri-

481 2054 566 2090 10.
627 2034 834 2092 Gemina
889 2039 1078 2090 ratione
1124 2035 1412 2107 predicunt.
1504 2035 1655 2106 Quod
1678 2039 1729 2088 in
1754 2038 1882 2102 situ,
1912 2049 2011 2090 etc.
2038 2024 2155 2107 (sic
2177 2036 2327 2109 prius
2342 2026 2387 2107 ).
2413 2039 2515 2094 Vi.

395 2116 701 2171 Colestibus
756 2115 998 2170 videlicet
1064 2117 1292 2170 arcubus
1355 2127 1412 2168 et
1499 2114 1655 2169 detur
1682 2128 1977 2170 monstrare
2004 2137 2015 2166 =
2049 2141 2072 2164 ι
2088 2134 2195 2187 quo
2224 2116 2293 2170 sit
2326 2117 2381 2170 in
2408 2119 2513 2174 situ

397 2195 552 2267 igneo
578 2194 822 2250 stridore
857 2195 1026 2249 Bnor.

473 2275 678 2328 XXIV.
733 2293 784 2328 1.
830 2275 1240 2346 Holospliymton.
1281 2264 1406 2328 ὁλό-

396 2370 561 2424 σφυρος
586 2367 638 2408 et
663 2356 980 2425 ὄλοσφυρατος
1007 2353 1152 2425 apud
1177 2355 1406 2424 Hesych.

397 2447 668 2488 coneretus
685 2471 704 2499 ,
729 2435 946 2505 plenus,
973 2453 1082 2486 non
1117 2432 1374 2488 conflatus
1391 2471 1408 2498 ‚

395 2511 486 2566 sed
521 2512 717 2567 ductus
746 2515 937 2566 malleo
959 2547 976 2572 ‚
1003 2515 1196 2583 ςιριδς,
1224 2515 1371 2575 serbe
1389 2551 1406 2578 ,

395 2593 478 2646 καὶ
504 2590 723 2662 οὐδαμοῦ
751 2587 994 2654 &invem
1020 2593 1206 2648 Hsnn.

479 2690 528 2723 2.
556 2672 618 2724 In
639 2673 810 2742 templo
831 2671 1098 2726 Anaetidis.
1123 2672 1402 2742 Nusquam

395 2749 557 2820 hujus
583 2750 764 2820 templi
784 2752 840 2804 in
869 2751 1203 2822 Geogrephia
1223 2751 1406 2804 memi-

396 2828 482 2882 nit
495 2866 512 2893 ,
531 2827 624 2882 sed
647 2829 812 2886 libas.
832 2847 950 2900 cap.
977 2838 1068 2894 24,
1088 2830 1304 2882 Annalis
1325 2847 1408 2883 re·

395 2907 572 2980 gionis
580 2907 859 2971 Armenia,
869 2925 1028 2979 quam
1045 2907 1406 2978 praeterfluens

393 2985 697 3058 Euphrates
739 3005 766 3040 s
797 2987 1127 3058 Cappadocia
1155 2985 1404 3043 excludit.

395 3065 588 3121 Str-bo
633 3065 730 3120 lib.
771 3065 912 3132 XII,
951 3067 1210 3138 templum
1243 3065 1302 3120 id
1345 3067 1402 3120 in

393 3145 516 3199 Zela
545 3144 751 3218 oppido
786 3145 946 3200 fuisse
974 3143 1160 3210 trudit,
1180 3164 1208 3198 s
1234 3145 1402 3199 Semi-

392 3223 597 3280 ramide
631 3238 932 3280 constructo
975 3244 1133 3298 super
1184 3243 1370 3297 aggere
1387 3265 1404 3292 ,

391 3305 600 3377 colique
629 3305 683 3358 id
708 3305 1094 3377 religiosissime
1125 3307 1192 3359 ab
1219 3308 1406 3358 Arme·

391 3385 510 3438 niis.
549 3386 764 3440 Anaitin
801 3385 1023 3440 Dianam
1054 3385 1211 3439 fuisse
1248 3385 1406 3438 multi

393 3461 611 3518 uadunt
633 3478 717 3518 :at
731 3463 924 3518 Strabo
940 3465 1042 3519 sub
1061 3463 1222 3518 finem
1244 3466 1283 3518 l.
1305 3465 1403 3530 XI,

393 3544 658 3598 Venerem
701 3545 878 3614 potins
909 3542 1070 3597 fuisse
1110 3554 1404 3606 monstret,

391 3623 638 3695 quonism
690 3623 920 3692 virgines
962 3620 1144 3677 dicatae
1185 3623 1242 3676 in
1291 3623 1404 3692 ejus

391 3702 590 3774 templo
629 3701 1097 3773 prostituebantur.
1102 3699 1245 3756 Vide
1286 3701 1401 3773 Gy·

391 3781 525 3836 aldi
553 3781 838 3834 Historiam
871 3780 1113 3834 deornm.
1142 3779 1403 3836 Anaitidis

394 3861 574 3914 Dinnis
615 3861 670 3916 in
701 3860 872 3932 Lydia
901 3860 1174 3934 precipuo
1193 3861 1404 3920 honore

397 3931 544 3993 cultae
581 3941 826 3994 meminit
853 3952 1045 4012 preter
1073 3939 1402 3996 Herodotum

397 4019 716 4074 Peussniss'
701 4040 758 4074 m
781 4021 1070 4076 Laconicis.
1087 4022 1293 4075 Diue-
1323 4053 1405 4064 -

1496 2207 1756 2248 terrarum
1796 2213 1994 2248 numen
2035 2195 2140 2247 hoc
2189 2196 2513 2266 signavimus

1494 2275 1745 2338 nomine,
1803 2275 2048 2345 gentibus
2095 2274 2197 2327 illis
2238 2277 2513 2330 sacratissi-

1495 2371 1638 2407 mo.»
1658 2353 1875 2406 Frustra
1897 2353 2059 2423 igitur
2081 2353 2310 2406 Plinium
2338 2357 2533 2427 arguit·

1495 2432 1889 2504 Delecampius,
1910 2431 2057 2504 quod
2072 2449 2330 2504 nusquam
2350 2434 2509 2506 hujus

1493 2513 1677 2583 templi
1694 2513 1996 2566 meminerit
2012 2511 2065 2565 in
2089 2513 2509 2585 geographume-

1493 2591 1591 2645 nis.
1623 2592 1745 2644 Non
1771 2592 1912 2646 enim
1946 2589 2149 2646 dixerat
2180 2593 2269 2645 hic
2295 2611 2351 2646 se
2379 2595 2507 2649 alibi

1494 2671 1825 2732 meminisse,
1857 2669 2127 2725 sed·nunc
2164 2670 2372 2743 ipsum,
2409 2674 2505 2728 ubi

1491 2750 1584 2816 sit,
1615 2751 1841 2821 signasse
1882 2763 1933 2803 et
1970 2749 2243 2804 denotasse
2268 2754 2503 2807 nomine.

1491 2829 1761 2883 Nimirum
1786 2833 1986 2895 AEneo,
2000 2829 2085 2882 vel
2110 2828 2253 2901 spud
2273 2831 2503 2888 Annius.

1489 2908 1674 2964 Gnou-

1572 2989 1626 3044 3.
1650 2985 2051 3058 Signficuvimus.
2079 2987 2277 3054 LibN,
2300 3007 2386 3042 ao.
2408 2989 2476 3044 H.

1571 3068 1859 3139 4.Di1·epea.
1888 3068 2093 3139 Nempe
2113 3086 2175 3120 ea
2202 3079 2369 3123 statua
2390 3068 2504 3127 dea

1488 3145 1768 3202 Ansitidis.
1800 3147 1889 3204 Sie
1919 3147 2077 3202 etiam
2118 3147 2269 3200 MSS.
2305 3149 2386 3204 De
2414 3169 2505 3205 ex-

1487 3224 1758 3298 peditione
1802 3227 2001 3280 infelici
2048 3227 2271 3281 Antonii
2320 3243 2503 3285 contra

1488 3305 1741 3374 Parthos,
1783 3305 1907 3360 vide
1952 3307 2177 3362 Dionem
2212 3320 2266 3362 et
2290 3309 2502 3364 Plutar-

1487 3385 1667 3438 chum.
1705 3383 1773 3438 Η.
1802 3415 1881 3428 --
1902 3389 2053 3440 Anno
2078 3387 2245 3440 Urbis
2266 3388 2499 3444 condita

1492 3483 1523 3536 7
1537 3484 1557 3518 1
1571 3466 1624 3519 8.
1647 3465 1753 3518 En.

1572 3543 1621 3598 ⁵.
1641 3546 1719 3597 De
1740 3563 1877 3598 erm-e
1900 3548 2002 3617 ejus
2024 3565 2225 3600 canan.
2250 3547 2328 3600 Ut
2345 3545 2504 3599 intel-

1485 3623 1715 3696 ligamus
1758 3625 1815 3678 in
1850 3623 2146 3697 direptione
2185 3626 2361 3679 fracta
2399 3635 2505 3677 sta·

1487 3716 1623 3769 ωε,
1672 3721 1793 3758 crus
1834 3703 1959 3758 huic
2007 3717 2255 3759 veterano
2310 3702 2467 3756 militi
2486 3741 2504 3769 ,

1486 3784 1581 3855 qui
1603 3783 1900 3854 Augustum
1924 3784 2221 3855 excipiebat
2239 3781 2505 3851 hospitio,

1487 3863 1762 3936 obtigisse,
1788 3866 1937 3935 cujus
1958 3874 2161 3934 partem
2190 3861 2248 3914 in
2273 3861 2507 3932 hospita·

1488 3942 1594 3996 lem
1633 3959 1836 3996 coenam
1873 3943 2183 3994 insumeret.
2223 3940 2307 3995 Ita
2348 3939 2505 3996 Gele-

1491 4021 1613 4075 nius
1640 4040 1653 4074 ε
1680 4033 1839 4074 recte.
1872 4021 2054 4074 Ηιιιι).
