2975 4684
516 405 655 476 368
1050 407 1127 473 C.
1184 405 1513 474 PLlNll
1567 406 1781 473 ΝΑΤ.
1839 409 2092 476 HIST.

509 541 877 636 Polygnoto
916 539 1107 631 picti.
1141 537 1552 657 multumque
1592 541 2092 634 comparatione
2128 557 2470 633 superatus
2505 549 2644 614 exi-

510 646 935 728 stimabatur,
956 646 1289 764 ‘quoniam
1324 669 1460 712 non
1498 669 1619 712 suo
1657 669 1898 739 genere
1931 634 2305 714 certasset?
2349 649 2532 718 Idem
2575 667 2648 722 et

507 753 839 822 lacunaria
870 750 1118 843 primus
1154 751 1425 844 pingere
1461 751 1774 836 instituit,
1811 775 1936 820 nec
1975 775 2273 820 cameras
2303 767 2452 822 ante
2485 781 2644 826 eum

508 843 765 927 taliter⁵
797 855 1101 924 adornari
1130 880 1274 923 mos
1306 855 1453 924 fuit.
1482 857 1728 924 Parvas
1755 856 2068 950 pingebat
2099 857 2405 944 tabellaS,
2434 863 2642 930 maxi-

510 987 749 1058 meque
786 985 1045 1056 pueros⁸
1098 965 1245 1029 Hoc
1282 959 1500 1028 annuli
1541 985 1690 1028 eum
1731 963 2338 1054 interpretabantur
2379 966 2632 1053 facere,

508 1071 819 1164 quoniam
859 1066 1045 1135 tarda
1084 1068 1357 1159 picturae
1402 1067 1570 1134 ratio
1617 1080 1786 1135 esset
1827 1066 1956 1134 illa.
2010 1069 2466 1156 Quamobrem
2513 1075 2642 1142 arti

510 1175 783 1243 daturus
833 1187 899 1241 et
938 1171 1283 1240 celeritatis
1322 1171 1602 1258 famam,
1647 1171 1932 1241 absolvit
1971 1197 2104 1241 uno
2146 1174 2252 1242 die
2295 1176 2640 1266 tabellam,

508 1305 654 1375 quae
680 1292 913 1348 vocata
943 1292 1042 1347 est
1066 1263 1497 1346 hemeresios⁵
1503 1330 1522 1364 ,
1545 1303 1754 1422 p7uero
1777 1280 1977 1370 picto.
2003 1282 2306 1348 Amavit
2291 1307 2355 1348 m
2367 1283 2644 1374 juventa

398 1437 405 1444 -
506 1386 858 1480 Glyceram
917 1385 1316 1478 municipem
1371 1383 1596 1452 suam⁷
1603 1437 1622 1469 ,
1673 1373 2151 1453 inventricem⁸
2189 1411 2636 1458 coronarum·

506 1594 639 1648 editi
676 1614 689 1648 :
730 1595 783 1646 in
828 1593 978 1646 MSS.
1018 1593 1193 1663 Thes-is
1238 1611 1257 1644 .·
1300 1590 1431 1661 quid
1486 1593 1528 1645 si

506 1675 711 1745 Delphis
742 1675 955 1744 potius?
982 1672 1119 1724 Nam
1141 1670 1209 1723 de
1231 1672 1532 1742 Polygnoto

506 1755 736 1818 Thasio,
777 1754 930 1822 cujus
966 1751 1113 1803 refici
1154 1767 1298 1801 nuuc
1327 1752 1532 1820 pictura

506 1831 723 1894 dicitur,
741 1830 945 1883 Plinius
961 1829 1074 1899 ipse
1094 1846 1254 1898 supra
1276 1847 1392 1898 cap.
1421 1827 1491 1882 35
1514 1846 1527 1881 :

508 1912 657 1963 «Hic
686 1908 905 1979 Delphis
935 1907 1103 1960 aedem
1140 1907 1343 1976 pinxit,
1382 1933 1405 1954 ι
1442 1907 1532 1960 cui

508 2003 561 2042 et
596 1990 906 2042 Pausaniam
940 1984 1247 2056 adstipulari
1279 1984 1528 2039 diximus.

508 2067 579 2119 H.
600 2099 675 2109 —
697 2067 1176 2144 Tloes2spiis.B1-ot.ex
1198 2063 1345 2116 MSS.
1362 2067 1528 2136 Regg.

507 2160 559 2199 et
580 2145 709 2199 edit.
736 2145 1008 2216 principe,
1036 2142 1231 2196 Thebis.
1253 2143 1355 2196 En.

591 2232 643 2290 4.
694 2227 933 2294 Quoniam
973 2241 1067 2274 non
1106 2241 1193 2273 suo
1226 2241 1398 2292 genere
1432 2242 1532 2274 cer-

506 2318 667 2364 tasset.
692 2305 863 2357 Non
849 2323 903 2354 m
930 2319 1037 2372 quo
1062 2302 1285 2353 maxime
1306 2302 1531 2354 excelle-

504 2389 594 2439 bat
609 2403 803 2456 genere
818 2381 1268 2454 picturae.Pausias
1285 2381 1427 2433 enim
1442 2399 1532 2432 en·

504 2477 717 2524 causta,
750 2463 1076 2533 Polygnotus
1086 2460 1337 2532 penicillo
1364 2459 1530 2512 excel-

503 2545 619 2596 luit.
648 2544 909 2594 Encausto
930 2541 1173 2610 pingere,
1198 2552 1250 2592 et
1278 2539 1529 2610 penicillo

503 2624 742 2692 pingere,
760 2619 1018 2673 differunt
1035 2640 1047 2670 ε
1071 2621 1202 2671 ceris
1217 2617 1369 2680 illud,
1386 2616 1530 2670 istud

504 2702 790 2754 coloribus.
814 2699 993 2752 Hm).

586 2781 640 2834 5.
692 2781 796 2832 Nec
845 2799 1052 2831 cameras
1099 2790 1211 2830 ante
1260 2795 1363 2829 eum
1411 2775 1529 2827 tali-

502 2873 592 2924 eer,
617 2873 715 2912 etc.
740 2861 974 2912 Cameria
1005 2857 1336 2910 lacunaribus
1370 2873 1526 2907 orna-

499 2942 714 3004 bantur,
755 2951 843 2990 aut
885 2938 1094 2990 musivo
1136 2955 1298 3006 opere
1343 2935 1529 3005 pinge-

500 3019 711 3072 bantur.
740 3019 857 3087 Ipsa
880 3016 1142 3069 lacunaria
1168 3015 1247 3067 vel
1282 3014 1524 3066 deaurari

499 3099 767 3160 solebant,
791 3097 872 3149 vel
897 3097 1039 3167 pingi
1062 3095 1355 3157 coloribus,
1377 3091 1524 3164 quod

500 3177 700 3229 Pausiae
732 3176 907 3246 primo
946 3176 1219 3227 inventum
1250 3174 1368 3226 fuit.
1412 3175 1524 3224 Au-

498 3269 614 3310 ctor
660 3256 1008 3326 quaestionum
1038 3253 1247 3305 Veteris
1290 3265 1342 3305 et
1380 3252 1523 3304 Novi

497 3335 852 3398 Testamenti,
882 3353 975 3404 qn.
1000 3337 1100 3384 106
1122 3354 1133 3382 ι
1163 3359 1183 3378 ·
1205 3332 1355 3385 Sicut
1381 3331 1522 3382 enim

498 3415 562 3468 ad
588 3427 953 3467 ornamentum
978 3410 1167 3463 doinus
1190 3413 1415 3480 pertinet
1430 3449 1445 3474 ,
1478 3410 1524 3462 si

496 3513 701 3549 camera
739 3495 852 3563 ejus
894 3491 1079 3542 habeat
1112 3509 1243 3542 auro
1272 3488 1522 3542 distincta

498 3573 758 3647 laquearia
778 3612 793 3636 ,
818 3583 919 3622 ete.
946 3596 969 3614 a
1005 3566 1190 3619 Isidor.
1228 3569 1377 3632 xlx,
1410 3587 1429 3620 r
1446 3587 1473 3619 2
1501 3586 1516 3620 τ

498 3683 519 3704 ι
542 3651 830 3725 Laquearia
880 3659 1029 3708 sunt,
1082 3663 1197 3716 qum
1256 3665 1517 3699 cameram

492 3737 775 3802 subtegunt
808 3743 858 3782 et
885 3737 1077 3781 ornant
1097 3765 1108 3784 .
1136 3743 1254 3797 quae
1292 3739 1345 3778 et
1372 3725 1514 3778 lacu·

491 3815 638 3867 naria
665 3810 921 3864 dicuntur
958 3825 971 3857 :
1004 3803 1149 3876 quod
1180 3805 1325 3858 lacus
1354 3823 1512 3874 quos.

490 3897 610 3945 dam
642 3889 925 3961 quadratos
958 3887 1037 3938 vel
1064 3883 1342 3946 rotundos,
1366 3885 1512 3955 ligno

492 3973 574 4021 vel
604 3989 804 4041 gypso,
852 3967 933 4018 vel
980 3965 1249 4018 coloribus
1286 3964 1514 4016 habeant

492 4048 679 4117 pictos,
696 4065 815 4098 cum
833 4045 994 4114 signis
1008 4043 1512 4098 intermicantibus.»

1619 1593 1792 1657 Quem
1823 1591 2013 1646 Isidori
2039 1593 2214 1646 locum
2247 1595 2509 1649 immerito
2531 1597 2644 1651 Sal-

1621 1671 1816 1724 masius
1851 1671 2226 1741 reprehendit,
2272 1675 2326 1726 in
2371 1676 2520 1729 Nott.
2570 1676 2640 1730 ad

1620 1750 1700 1802 Fl.
1727 1750 2042 1820 Vopiscum,
2071 1771 2186 1822 pag.
2213 1753 2346 1822 393,
2376 1756 2467 1807 ubi
2487 1769 2642 1827 negat

1617 1828 1884 1882 lacunaria
1917 1831 2138 1884 cameris
2169 1849 2416 1902 umquam
2443 1850 2640 1906 suppo·

1618 1909 1712 1962 sita
1737 1907 1910 1961 fuisse.
1925 1911 2096 1980 Atqui
2114 1910 2217 1962 hoc
2234 1911 2436 1966 Plinius
2447 1913 2638 1968 diserte

1617 1989 1916 2040 confirmat.
1954 1989 2025 2042 Et
2059 1991 2433 2044 Constantinus
2463 1993 2540 2044 M.
2579 1993 2638 2046 in

1619 2067 1867 2136 epistola,
1911 2085 2067 2137 quam
2116 2069 2380 2122 Eusebius
2425 2073 2638 2140 recitat,

1615 2146 1711 2198 lib.
1763 2145 1871 2209 111,
1917 2143 1984 2198 de
2027 2149 2139 2217 ejus
2185 2149 2319 2212 vita,
2363 2167 2474 2221 cap.
2517 2150 2584 2204 32
2619 2173 2632 2204 :

1617 2226 1715 2281 Τὴν
1738 2227 1798 2278 δὲ
1823 2229 1910 2285 τῆς
1933 2227 2186 2289 βασιλικῆς
2213 2231 2461 2300 καμάραν,
2485 2231 2639 2282 πότι-

1616 2323 1693 2372 ρον
1732 2305 2073 2373 λακωναρίαν,
2115 2308 2146 2363 ἡ
2189 2302 2260 2358 δι’
2305 2311 2469 2378 ἑτέροις
2509 2315 2636 2372 τινὸς

1616 2384 1847 2453 δργασίας
1869 2386 2092 2452 γινέσθαι
2116 2405 2190 2437 σοι
2211 2382 2368 2451 δοκεῖ,
2391 2388 2528 2458 παρὰ
2551 2397 2635 2444 σοῦ

1613 2470 1793 2531 γνῶναι
1833 2464 2086 2532 βούλομαι.
2135 2467 2192 2517 Ei
2225 2467 2321 2536 γὰρ
2360 2468 2637 2538 λακωναρία

1615 2535 1737 2593 εἶναι
1786 2543 1967 2611 umet,
2023 2539 2110 2595 δὐν
2089 2543 2288 2600 incurat
2337 2547 2420 2598 καὶ
2475 2557 2636 2620 χρυσῷ

1613 2625 2009 2678 καλλωπισθῆναι
2035 2641 2088 2674 το
2107 2627 2444 2690 λειπόμενον..
2469 2625 2637 2680 Porro

1613 2717 1875 2752 cameram
1890 2699 2122 2754 Basilica:
2137 2716 2307 2754 utrum
2321 2703 2637 2774 laqueatam,

1613 2797 1679 2830 an
1707 2778 1811 2830 alio
1840 2780 2096 2850 quopiam
2131 2783 2304 2853 operis
2331 2801 2522 2853 genere
2557 2787 2638 2837 sa-

1614 2856 1854 2910 ciendam
1888 2877 2097 2912 censeas
2117 2899 2132 2928 ,
2162 2863 2354 2914 certior
2380 2882 2408 2916 a
2439 2877 2490 2915 te
2519 2863 2636 2917 fieri

1615 2937 1793 2989 velim.
1823 2937 1958 2989 Nam
2001 2939 2043 2991 si
2079 2940 2316 3010 laqueata
2351 2943 2470 3007 fiet,
2506 2963 2634 2996 auro

1612 3035 1832 3086 quoque
1867 3029 2072 3085 poterat
2113 3022 2372 3073 exornari.
2405 3049 2425 3068 ι
2459 3021 2526 3072 u.
2555 3055 2632 3065 --

1611 3096 1900 3148 Lacunaria
1921 3133 1936 3158 ,
1977 3099 2042 3149 les
2076 3099 2339 3167 '’lasondm
2377 3119 2595 3154 camerae
2615 3142 2631 3167 ,

1612 3175 1678 3227 les
1709 3189 2054 3245 appar-temous.
2088 3177 2251 3229 Bnor.

1695 3257 1748 3304 6.
1800 3253 2112 3308 Heme-resins.
2159 3246 2468 3327 Ἡμερτῖσιος,

1611 3333 1772 3385 unius
1797 3333 2018 3403 pictura.
2043 3337 2224 3404 Hann:

1691 3431 1744 3481 7.
1794 3413 1990 3464 Amas-te
2039 3419 2089 3465 e'n
2125 3418 2324 3484 juventa
2375 3416 2634 3488 Clyte-ram

1609 3495 1884 3561 municipem
1921 3512 2072 3545 secam.
2114 3495 2410 3565 Sicyoniam
2453 3497 2634 3565 igitur.

1609 3571 1677 3623 At
1701 3571 1927 3640 Glycere
1951 3575 2200 3625 meretrix
2221 3613 2235 3635 ‚
2259 3593 2374 3644 quae
2397 3575 2636 3629 Praxite-

1607 3649 1671 3701 lis
1704 3651 1866 3703 amica
1901 3669 1930 3702 a
1977 3651 2238 3704 Strabone
2266 3651 2479 3716 dicitnr,
2521 3657 2632 3719 lx,

1603 3749 1656 3800 p.
1679 3735 1710 3789 4
1725 3747 1805 3789 ro,
1820 3729 2159 3799 Thespiensis
2171 3749 2198 3781 e
2213 3733 2410 3784 Boeotia
2427 3733 2547 3788 fuit.
2563 3733 2630 3786 Η.

1683 3811 1736 3862 8.
1777 3809 2106 3862 Iuvenmcem.
2141 3811 2228 3862 Sic
2266 3812 2387 3863 libri
2417 3831 2633 3876 omnes,

1601 3889 1757 3940 etiam
1788 3888 1940 3940 MSS.
1975 3907 2086 3940 non
2117 3893 2363 3954 wite-icem,
2399 3904 2457 3943 ut
2483 3891 2636 3963 fingit

1601 3967 1882 4019 Salmasius
1907 3968 1962 4019 in
1985 3967 2152 4020 Solin.
2183 3987 2301 4040 pag.
2329 3975 2460 4034 246,
2481 3971 2634 4024 inau-

1603 4043 1708 4097 ‹lita
1739 4065 1953 4117 prorsus
1987 4047 2042 4098 in
2075 4048 2228 4100 Latio
2273 4067 2431 4112 voce,
2461 4069 2633 4120 quum

2523 3258 2633 3312 diei
