2975 4684
1106 420 1408 489 LIBER
1459 422 1774 488 XXXV.

2280 486 2287 494 ,
2355 406 2492 506 395

368 556 649 653 gnitate,
683 555 735 621 si
766 557 914 673 quis
951 552 1205 647 singula
1248 554 1585 623 aestimet.
1632 553 1831 621 etiam
1876 566 1953 619 ut
1984 550 2375 619 omittantur
2426 546 2494 612 in

369 659 674 755 frugum,
719 660 850 728 vini
878 684 1328 752 ‚‚pomorum
1370 652 1767 742 herbarum,
1805 656 2154 738 fruticum,
2194 652 2488 721 medica·-

367 782 790 851 mentorum,
833 714 1247 836 nietallorum
1299 766 1685 861 generibus»,
1750 762 2067 832 beneficia
2118 762 2299 854 ejuS‚
2346 782 2491 853 quae

369 871 585 941 adhuc
615 872 898 941 diximus
913 858 984 911 ⁴·

970 870 1125 942 :vel
1163 871 1542 943 assiduitate
1578 872 1821 941 satiant
1856 868 2227 999 figlinarum
2257 888 2492 961 opera,

369 965 594 1047 doliis⁵
640 977 723 1046 ad
761 979 910 1046 vina
933 978 1346 1109 excogitatiS,
1383 978 1466 1047 ad
1506 1000 1711 1072 aquas
1743 960 2053 1057 tubulis⁶,
2084 974 2167 1041 ad
2204 972 2495 1041 balineas

369 1084 806 1167 mammatis⁷,
845 1082 929 1153 ad
971 1070 1188 1154 tecta⁸
1235 1084 1581 1155 coctilibus
1621 1079 1954 1152 laterculis
1991 1076 2493 1173 frontatisque⁹=

366 1287 576 1329 cuntur.
607 1299 629 1322 n
660 1276 862 1330 Glosso
892 1297 906 1329 ι
941 1276 1234 1345 Simpulum,
1263 1278 1383 1329 ιώοι-

365 1360 464 1416 θος.
510 1356 574 1407 In
617 1354 769 1408 Notis
807 1374 927 1427 quin
971 1355 1129 1425 vulgo
1168 1355 1386 1408 Tironis

365 1431 1258 1505 dicuntur‚psg.124,Simbnlum
1282 1452 1385 1503 pro

363 1514 631 1583 simpulum.
657 1514 898 1565 Juvenal.
919 1511 1024 1565 Sat.
1041 1512 1146 1573 VI,
1164 1530 1215 1565 v.
1239 1512 1379 1575 340.

372 1595 536 1643 «Aut
567 1592 688 1663 quis
715 1591 1034 1661 Simpullum
1067 1589 1244 1643 ridere
1269 1590 1384 1643 Nu-

365 1688 486 1734 mas,
505 1668 828 1741 nigrumque
853 1670 1120 1723 catinum.
1149 1672 1256 1722 Aut
1279 1671 1384 1723 Vs·

277 1744 282 1751 ’
365 1748 540 1801 ticnno
583 1748 791 1819 fragiles
834 1748 901 1801 de
947 1762 1127 1801 monte
1168 1750 1386 1819 patellas

271 1880 274 1883 ,
366 1827 749 1880 Auamma-
782 1809 1099 1881 Prudentius
1112 1829 1218 1881 mh
1257 1846 1384 1881 mno

366 1907 422 1959 S.
449 1908 744 1972 Lnuoentii,
772 1924 822 1959 v.
852 1907 880 1961 5
897 1914 962 1970 ι4
986 1947 1001 1971 ,
1030 1906 1086 1959 id
1112 1848 1378 1961 imigitus:

370 2012 394 2033 0
416 1985 696 2057 Quidquid
708 1986 980 2052 Quiritum
999 2000 1238 2040 suevemt
1250 1986 1384 2040 Ora-

363 2084 422 2119 re
465 2066 770 2135 simpullum
808 2067 1018 2119 Numre.
1058 2090 1082 2113 ι
1125 2068 1261 2119 Sunt
1290 2066 1384 2137 qui

363 2146 646 2217 utrobique
671 2149 950 2215 sisnpuoium
991 2146 1185 2216 legunt.
1233 2145 1301 2199 H.

448 2232 498 2289 4.
535 2226 662 2295 Quoe
681 2224 836 2277 adhuc
855 2226 1080 2279 diximus.
1101 2224 1234 2291 Quin
1255 2226 1384 2278 hac·

365 2317 517 2358 tenus
555 2303 786 2359 diximus
823 2304 976 2358 libris
1004 2304 1382 2376 superioribus.

365 2382 547 2435 ΗΑιιυ.

448 2460 500 2514 5.
531 2462 707 2514 Dotiiae.
747 2461 898 2514 Delia
937 2464 1062 2515 vino
1103 2461 1384 2515 condendo

364 2540 545 2594 fictilis
577 2553 752 2607 erant,
783 2552 836 2593 et
855 2542 1170 2613 plerumque
1195 2544 1384 2614 picata,

366 2632 424 2673 ιιι
465 2618 666 2673 dictum
705 2634 784 2675 est
841 2620 936 2674 lib.
973 2620 1140 2675 XIV.
1180 2622 1382 2675 Locum

364 2700 508 2753 hunc
551 2718 654 2771 ope
695 2701 822 2771 Reg.
862 2700 1060 2753 codicis
1107 2718 1134 2752 ι
1193 2702 1264 2754 ita
1299 2718 1384 2753 re-

365 2778 643 2844 fluximus,
681 2780 816 2832 nihil
861 2779 1005 2833 illius
1060 2780 1386 2851 integerrimi

364 2857 678 2927 exemplaris
693 2857 953 2927 scriptura
967 2857 1296 2929 discrepante
1317 2860 1384 2911 ab

363 2954 424 2989 ea
463 2953 623 3007 quam
655 2948 1088 3005 representamus
1121 2954 1136 2989 :
1171 2950 1387 3007 proter·

364 3032 526 3086 quam
579 3012 725 3085 quod
773 3014 1193 3087 fundamentisque
1207 3053 1222 3073 ‚
1281 3034 1384 3087 pro

351 3094 684 3167 frumentisque
747 3093 980 3163 prefert.
1045 3095 1193 3148 Libri
1257 3113 1399 3159 veru,

361 3174 616 3228 hactenus
642 3170 774 3225 editi
807 3172 1172 3246 susquedeque
1203 3176 1385 3228 omnia

362 3264 603 3316 vertunt,
645 3252 1000 3324 interpolant,
1043 3272 1105 3307 ac
1147 3272 1386 3326 pessum·

364 3330 528 3397 dant,
572 3291 676 3385 lioc
719 3333 922 3387 scilieet
965 3331 1130 3387 modo
1175 3352 1190 3385 ι
1231 3334 1384 3388 «Vel

361 3428 478 3481 que
518 3410 816 3467 assiduitate
857 3412 1047 3467 satiant
1070 3412 1377 3484 figlinarum

361 3508 522 3560 opera
555 3491 890 3557 imbricibus,
925 3493 1126 3545 tubulis
1163 3493 1376 3563 tegulis·

362 3587 468 3640 que
509 3568 576 3624 ad
617 3570 850 3625 balineas
893 3573 1140 3636 hamatis,
1183 3572 1265 3624 vel
1309 3570 1378 3625 ad

361 3660 491 3702 tecta
518 3650 797 3704 coctilibus
819 3651 1084 3704 laterculis
1109 3652 1378 3705 frontatis·

361 3745 494 3799 que,
534 3742 625 3783 sut
677 3748 795 3802 quas
841 3744 956 3784 rota
995 3730 1164 3795 fiunt,
1219 3732 1376 3786 etism

359 3806 606 3861 fictilibus
621 3809 776 3863 doliis
801 3808 870 3863 ad
893 3812 1016 3864 vina
1043 3811 1379 3881 excogitatis,

361 3898 414 3939 et
441 3886 508 3940 ad
539 3906 718 3959 squas.
759 3890 984 3961 Propter
1022 3908 1142 3962 quo
1175 3894 1376 3956 Numa,

363 3977 466 4019 etc.
491 3992 512 4013 ·
530 3966 865 4024 H.--Dole'e's.
888 3972 1037 4024 Brot.
1052 3988 1115 4023 ex
1137 3970 1375 4041 Regg-s,

369 4044 434 4109 3,
472 4056 526 4097 et
579 4046 702 4101 edit.
755 4049 1032 4121 principe,
1077 4049 1374 4113 imbriciben,

1471 1276 1630 1328 doliis.
1660 1273 1914 1327 Imbrices
1938 1284 2059 1325 sunt
2083 1271 2287 1324 canales
2306 1270 2496 1325 fictiles

1468 1355 1671 1408 arcuati
1690 1393 1705 1419 ‚
1739 1370 1970 1425 quorum
2000 1350 2173 1405 adhuc
2200 1352 2337 1421 viget
2370 1368 2499 1403 usus

1469 1434 1527 1487 in
1552 1434 1719 1486 tectis.
1743 1434 1847 1485 Eo.

1550 1516 1605 1565 6.
1630 1512 1723 1565 Ad
1738 1530 1889 1579 aquas
1908 1510 2099 1563 tubulis.
2112 1506 2341 1562 ‘rabulis
2361 1508 2496 1562 ficti-

1469 1590 1609 1643 libus
1634 1589 1974 1662 aquaeductus
2000 1589 2328 1642 constabant.
2358 1586 2497 1641 Vide

1467 1670 1562 1723 lib.
1596 1670 1810 1733 XXXI,
1838 1670 1928 1723 31.
1958 1668 2141 1721 Hann.

1551 1769 1606 1820 7.
1641 1748 1735 1802 Ad
1764 1750 1971 1801 balineas
2007 1752 2291 1800 mammam.
2324 1748 2499 1801 Mam—

1471 1842 1609 1881 mata
1678 1829 1859 1883 fictilia
1876 1868 1891 1893 ,
1940 1829 2097 1881 tubos
2160 1827 2498 1899 interpretor,

1469 1908 1527 1960 in
1574 1925 1818 1961 mammae
1871 1908 2099 1977 speciem
2152 1904 2498 1969 rotundatos,

1471 2004 1569 2057 per
1590 2006 1725 2059 quos
1750 1999 1803 2039 et
1821 1987 2150 2059 liypocsusto
2182 1986 2239 2036 in
2264 1986 2499 2037 balineas
2604 2012 2609 2017 ·

1468 2067 1613 2120 calor
1640 2078 2003 2120 transmearet.
2032 2060 2115 2117 D'e
2150 2064 2237 2116 his
2270 2063 2463 2117 Senem
2480 2102 2498 2126 ,

1469 2162 1555 2217 ep.
1594 2164 1661 2215 9¹
1692 2163 1707 2199 ι
1732 2168 1755 2189 ι
1780 2144 2037 2210 Quadam
2066 2156 2243 2197 nostra
2280 2141 2499 2197 demum

1467 2224 1729 2295 prodiisse
1761 2225 2018 2277 memoria
2054 2225 2284 2276 scimus:
2313 2240 2500 2294 specu-

1468 2304 1723 2358 lariorum
1763 2322 1916 2357 usum
1938 2341 1954 2366 ‚
1996 2303 2303 2373 perlucente
2338 2314 2497 2363 testa,

1469 2385 1669 2438 clarum
1689 2384 2167 2437 transmittentium
2194 2382 2374 2434 lumen
2399 2400 2411 2434 :
2438 2393 2503 2434 ut

1467 2482 1807 2535 suspensuras
1815 2462 2201 2528 balneos-umet
2216 2462 2498 2531 impressos

1469 2542 1761 2613 parietibus
1790 2542 1951 2596 tubos
1968 2581 1983 2607 ,
2010 2560 2107 2613 per
2124 2560 2257 2613 quos
2274 2540 2498 2593 circum-

1469 2619 1785 2693 funderetur
1804 2622 1979 2684 calor;
2008 2621 2099 2692 qui
2130 2622 2232 2673 ima
2256 2619 2419 2673 'simul
2440 2632 2497 2673 et

1469 2718 1673 2753 summa
1696 2700 1899 2753 foveret
1922 2699 2213 2772 aqualiter.
2242 2726 2263 2747 ·
2289 2701 2497 2753 Horum

1469 2780 1720 2834 tuborum
1748 2779 1965 2850 vestigia
1989 2776 2165 2832 adhuc
2194 2796 2353 2850 quam
2380 2778 2499 2851 plu·

1468 2860 1605 2913 rima
1629 2858 1865 2930 conspici
1892 2858 1948 2910 in
1976 2858 2290 2911 Diocletiani
2314 2870 2367 2910 et
2393 2858 2499 2911 Ca-

1468 2939 1673 2993 racalla)
1696 2938 2008 3009 gymnasiis,
2043 2952 2231 2991 auctor
2260 2949 2337 2990 est
2373 2937 2499 2991 Hie-

1469 3036 1589 3073 ron.
1624 3024 1862 3071 Mercur.
1905 3032 2001 3070 art.
2046 3016 2246 3088 Gymn.
2292 3018 2350 3082 1,
2396 3035 2497 3082 ιο,

1469 3116 1590 3169 pag.
1623 3116 1716 3167 ²7·
1750 3096 1847 3149 His
1870 3114 1900 3150 a
1923 3114 2151 3149 mamma
2174 3114 2402 3162 nomen,
2436 3108 2497 3150 ut

1468 3194 1499 3229 a
1520 3178 1698 3230 fronte
1720 3176 2178 3247 subsequentibus.
2208 3177 2389 3231 Ηιιιιυ.

1552 3258 1605 3310 8.
1638 3256 1728 3310 Ad
1750 3266 1893 3309 tecta.
1924 3253 2007 3308 Ad
2031 3268 2293 3310 tectorum
2323 3258 2496 3329 parie-

1468 3347 1562 3388 tes.
1591 3336 1773 3388 Ham).

1547 3432 1601 3483 9.
1631 3414 1986 3486 antatisque.
2012 3416 2243 3469 Parietes
2261 3455 2277 3479 ,
2302 3414 2492 3485 inquit,

1463 3511 1496 3547 a
1520 3494 1771 3548 lateribus
1788 3493 1951 3548 flunt:
1976 3508 2029 3549 et
2046 3495 2349 3548 minoribus
2367 3492 2489 3564 qui-

1465 3572 1624 3639 dem,
1669 3593 1805 3647 quos
1842 3576 2121 3629 laterculos
2168 3584 2388 3625 vocant:
2446 3584 2499 3625 et

1465 3614 1785 3725 majoiibus‚
1819 3657 1909 3726 qui
1954 3654 2174 3707 frontati
2214 3650 2497 3711 nominen-

1462 3746 1569 3799 tur,
1590 3733 1737 3806 quod
1772 3733 1973 3813 duplici
2004 3732 2179 3786 fronte
2214 3743 2499 3799 utramque

1464 3813 1605 3866 muri
1623 3825 1829 3884 partem
1848 3832 1945 3885 per
1964 3814 2132 3882 ipsam
2156 3808 2295 3861 muri
2317 3807 2499 3861 crassi-

1462 3891 1704 3946 tudinem
1758 3904 1933 3945 totam
1982 3889 2303 3960 pertingant.
2350 3888 2493 3940 Usus

1463 3970 1563 4025 hac
1584 3990 1714 4025 voce
1734 3984 1811 4025 est
1834 3968 2107 4022 Vitruvius
2127 3984 2345 4041 quoque
2361 4006 2376 4025 .
2402 3966 2458 4019 11
2473 4008 2493 4033 ‚

1469 4056 1520 4113 4.
1552 4050 1739 4107 Haut).
