2975 4684
456 318 593 415 ¹74
992 318 1066 385 c
1124 314 1451 385 PLINH
1501 313 1714 383 NAT.
1768 312 2031 382 HIST.

452 436 891 523 Artemona³⁴
894 500 913 536 ,
934 448 1050 540 qui
1082 446 1552 540 Periphoretos
1575 443 1946 539 appellatus
1981 457 2097 514 est.
2123 445 2256 516 Hic
2279 470 2584 517 consum·

454 584 671 631 masse
714 558 883 631 hanc
926 553 1265 621 scientiam
1304 550 1679 647 judicatur,
1723 566 1788 619 et
1825 553 2195 621 toreuticen
2214 538 2264 577 ³⁵
2305 556 2398 623 sic
2431 578 2580 623 eru·

456 667 661 749 disse,
700 675 771 729 ut
818 657 1079 727 Phidias
1139 659 1496 789 aperuisse.
1549 660 1906 752 Proprium
1937 656 2266 751 ejusdem,
2313 675 2389 729 ut
2445 684 2584 729 uno
2664 648 2676 663 ⁰

458 794 647 841 crure
678 766 1053 833 insisterent
1072 750 1292 857 signa³
1324 766 1814 858 ‚excogitassez
1845 753 2232 857 quadrata³⁷
2262 781 2482 836 tamen
2505 789 2586 835 ea

460 899 601 945 esse
636 870 836 940 tradit
877 872 1127 953 Varr0‚
1182 886 1249 939 et
1290 896 1476 965 paene
1521 869 1604 938 ad
1651 895 1857 938 unum
1895 871 2334 965 exemplum.

564 961 985 1070 Myronem³⁸
1019 975 1393 1049 Eleutheris
1422 991 1686 1059 natum,
1715 991 1783 1045 et
1807 978 2020 1071 ipsum
2055 977 2357 1071 Ageladae
2387 978 2586 1047 disci·

450 1083 723 1181 pulum,
764 1068 1071 1151 bucula³⁹
1106 1086 1389 1153 maxime
1424 1081 1841 1169 nobilitavit,
1891 1081 2240 1153 celebratis
2286 1084 2588 1153 versibus

448 1245 673 1299 alterum
716 1244 900 1296 Rornae
944 1244 1086 1297 fuit:
1129 1264 1292 1316 quam
1332 1246 1472 1299 belle

450 1326 595 1379 enim
620 1324 675 1377 in
693 1342 757 1376 eo
783 1323 985 1389 verbo,
1008 1328 1093 1395 qui
1118 1327 1307 1389 Romoe,
1339 1326 1476 1379 desi-

450 1404 533 1459 nit
588 1402 789 1467 oratio,
838 1422 949 1473 quo
1003 1405 1249 1458 membro
1306 1406 1474 1478 priori

451 1486 716 1557 posterius
756 1497 934 1537 exacte
984 1487 1324 1555 opponitur?
1368 1488 1476 1551 De·-

452 1562 577 1619 inde
606 1561 677 1615 ad
713 1562 813 1615 alia
833 1560 951 1616 'duo
992 1564 1171 1637 signa,
1214 1565 1477 1631 transilit,

452 1662 571 1717 quie
606 1642 835 1707 GraeciS,
878 1656 936 1695 ut
978 1645 1141 1707 solet,
1185 1646 1361 1698 verbis
1402 1644 1479 1697 cf-

455 1725 559 1778 fert
586 1740 601 1773 ε
624 1722 700 1775 sic
728 1723 869 1774 enim
894 1724 1043 1793 prius
1069 1724 1476 1795 ἀςραγαὶζίζοντις

456 1816 509 1857 et
536 1797 860 1867 διαδούμινσς
877 1840 892 1866 ,
909 1813 959 1852 et
981 1798 1236 1873 δορυφόρος
1254 1842 1271 1867 ,
1286 1815 1337 1855 et
1354 1821 1479 1855 mox

456 1882 771 1952 περιφόρητος
791 1879 1103 1949 appellatur.
1126 1874 1369 1953 Ᾰ).ιξτ,τῆρ
1391 1899 1482 1933 au-

458 1974 569 2014 tem
590 1958 722 2031 qnid
748 1960 833 2022 sit,
859 1958 953 2029 qui
977 1976 1175 2029 graecos
1206 1960 1377 2012 fontes
1393 1959 1477 2011 vel

458 2040 646 2093 leviter
669 2037 1014 2107 degustarunt
1030 2074 1047 2102 ,
1075 2038 1280 2092 sciunt:
1310 2052 1362 2092 et
1380 2057 1479 2091 nos

460 2139 619 2191 supra
648 2118 894 2171 diximus.
922 2114 1100 2170 Hisn-

546 2200 639 2293 34.
670 2200 951 2253 Artemona.
976 2196 1293 2266 Περιφόρητος
1328 2198 1479 2249 Arte-

460 2280 647 2346 moni,
659 2275 868 2331 artifici
926 2282 1182 2347 μηχανικῷ
1231 2277 1477 2345 egregio,

466 2376 765 2433 cognomen
823 2356 1001 2418 haesit,
1056 2352 1205 2425 quod
1263 2352 1483 2407 claudus

444 2436 626 2502 esset,
666 2449 717 2489 et
744 2434 810 2489 ad
836 2451 999 2504 opera
1029 2435 1213 2487 lectica
1238 2432 1483 2497 ,deferre-

467 2530 573 2571 tur.
594 2516 683 2568 sic
704 2515 953 2585 Ephorus
976 2512 1119 2585 apud
1137 2514 1481 2567 Plutarchum

464 2597 519 2649 in
566 2594 796 2658 Pericle,
846 2612 967 2664 pag.
1004 2598 1133 2664 167.
1180 2592 1484 2646 Heraclides

464 2686 649 2729 contra
671 2672 923 2726 Ponticus
948 2690 1011 2725 ex
1042 2676 1373 2726 Anacreonte
1398 2691 1483 2725 re·

466 2755 568 2807 fert
616 2750 817 2805 ibidem
862 2752 1037 2805 virum
1086 2752 1298 2805 mollem
1339 2753 1487 2804 hunc

464 2834 654 2897 fuisse,
706 2832 1076 2884 meticulosum
1096 2872 1111 2897 ,
1173 2832 1321 2885 domi
1374 2832 1485 2883 fere

466 2912 724 2975 residem,
778 2913 928 2981 cujus
977 2931 1135 2983 supra
1176 2922 1366 2981 caput,
1416 2930 1487 2963 ne

466 2992 598 3065 quid
624 3008 854 3062 superne
881 2990 1179 3055 decideret,
1208 2990 1347 3043 servi
1376 2988 1485 3043 duo

467 3074 720 3143 clypeum
752 3088 953 3122 oeneum
984 3083 1223 3124 tenerent
1254 3093 1265 3122 :
1292 3070 1487 3123 lectulo

466 3150 655 3222 pensili
701 3150 1029 3202 circumferri
1064 3152 1277 3204 solitum
1310 3170 1325 3202 τ
1361 3150 1487 3203 inde

466 3230 781 3300 περιφόρητον
810 3243 1192 3299 nuncupatum.
1223 3228 1402 3283 Ham).

551 3308 643 3361 35.
692 3308 769 3359 Et
810 3313 1080 3361 toreuticen.
1134 3313 1319 3363 Artem
1370 3328 1489 3381 quae

468 3389 739 3459 sculptura
770 3387 962 3454 latine,
996 3402 1047 3441 et
1079 3390 1324 3442 caelatura
1358 3390 1489 3443 dici·

470 3483 571 3524 tur.
607 3468 785 3520 Ham).

554 3550 645 3602 36.
677 3548 743 3600 Ue
770 3566 863 3598 uno
880 3564 1016 3597 crare
1039 3549 1307 3599 insisterent
1330 3550 1491 3617 signa.

470 3631 599 3683 Tale
626 3628 832 3699 signum
876 3644 1079 3679 ameum
1121 3626 1291 3678 visum
1336 3628 1487 3680 mihi.

470 3712 545 3764 Ea
566 3722 672 3763 tota
695 3706 827 3760 ratio
846 3706 1078 3759 consistit
1106 3704 1158 3756 in
1188 3706 1341 3758 lineae
1366 3726 1488 3778 per.

468 3787 829 3862 pendicularis
852 3786 1176 3838 inventione.
1212 3786 1344 3838 Du..

550 3869 643 3939 37.
670 3867 928 3939 Quadrata
950 3880 1104 3917 tamen
1124 3886 1197 3917 σα.
1218 3866 1358 3917 Tum
1378 3864 1489 3936 pla-

466 3951 617 4001 cebat
664 3948 832 4018 magis
878 3947 1041 4001 oetatis
1089 3943 1257 3998 virilis
1296 3946 1485 4013 robur,

1429 4072 1459 4081 ..-

1562 1264 1720 1316 quam
1744 1246 1973 1313 juventa
1994 1244 2283 1315 elegantia.
2310 1244 2434 1297 inde
2453 1265 2587 1318 qua-

1563 1324 1714 1378 drata
1743 1324 1830 1375 ina
1851 1341 2093 1394 corpore.
2115 1326 2246 1377 Tale
2272 1339 2448 1377 autem
2469 1344 2587 1378 cor-

1562 1422 1665 1475 pus
1693 1401 1872 1456 laudat
1905 1404 2107 1468 Celsus,
2135 1404 2302 1467 11,1.·
2337 1405 2588 1477 «Corpus

1565 1497 1740 1536 autem
1806 1483 2190 1536 habilissimum
2260 1482 2586 1554 quadratum

1566 1576 1676 1625 est,
1693 1582 1866 1633 neque
1880 1562 2108 1633 gracile
2132 1581 2310 1633 neque
2337 1564 2586 1629 obesum,

1566 1656 1664 1696 etc.
1705 1644 1932 1696 »Biton

1649 1722 1741 1775 38.
1780 1722 2048 1791 Myronem.
2100 1724 2180 1777 De
2227 1742 2336 1794 quo
2385 1722 2589 1777 dictum

1567 1812 1643 1853 est
1665 1800 1817 1853 initio
1838 1800 1994 1871 hujus
2013 1801 2217 1873 cepitis.
2237 1803 2404 1855 Natus
2432 1804 2590 1857 Eleu-

1568 1879 1732 1932 theris
1762 1876 1977 1931 Boeotia·
2011 1879 2242 1951 oppido,
2293 1884 2590 1935 Athenien·

1566 1958 1700 2009 sium
1731 1969 1905 2015 tamen
1935 1958 2074 2011 idem
2097 1960 2312 2011 civitate
2331 1959 2586 2014 donatus:

1567 2034 1712 2089 unde
1735 2049 1789 2088 et
1815 2036 2149 2091 Atheniensis
2175 2056 2382 2109 semper
2401 2058 2430 2091 3
2459 2040 2593 2093 Pau-

1567 2117 1710 2169 sania
1739 2116 2056 2185 appellatur,
2079 2130 2138 2169 ut
2157 2116 2323 2170 Eliac.
2345 2119 2591 2187 post.V1,

1568 2214 1690 2266 pag.
1745 2194 1877 2257 345.
1926 2196 2314 2267 commigrasse
2359 2198 2592 2251 Athenas

1568 2273 1866 2327 Eleutheris
1893 2276 2033 2327 cives
2069 2294 2256 2329 omnes
2285 2277 2464 2345 aiunt,
2487 2277 2591 2331 ibi-

1571 2374 1678 2426 que
1705 2366 1963 2423 receptos.
1998 2354 2181 2407 Hann.

1654 2434 1746 2502 39.
1765 2429 1973 2489 Baculo.
1997 2434 2156 2488 ovid.
2184 2432 2252 2487 de
2273 2434 2469 2501 Ponto,
2491 2436 2593 2507 ΠΤ,

1571 2514 1718 2585 Eleg.
1762 2533 1814 2575 1,
1846 2532 1898 2566 v.
1925 2515 1996 2577 34
2027 2534 2040 2566 z
2075 2540 2096 2561 ι
2118 2515 2194 2569 Ut
2223 2516 2410 2567 similis
2451 2534 2592 2569 vera

1572 2612 1728 2646 vacca
1755 2593 1996 2664 Myronis
2020 2613 2205 2665 opus.»
2227 2595 2290 2647 In
2315 2595 2593 2665 hancMy-

1570 2674 1720 2725 tonis
1743 2673 1994 2725 buculam
2026 2675 2396 2745 epigrammata
2425 2694 2594 2745 graeca

1571 2752 1900 2805 diversorum
1954 2767 2231 2824 poetarum
2289 2755 2596 2826 plenissima

1573 2832 1844 2902 elegantia
1890 2851 1949 2885 ac
1990 2834 2224 2904 leporis,
2253 2834 2421 2887 ferme
2462 2855 2592 2907 qna·

1572 2910 2047 2983 dragenaseperies
2067 2914 2120 2965 in
2133 2914 2470 2985 Anthologia,
2489 2915 2590 2979 lv,

1579 2996 1631 3053 4.
1653 2992 1842 3061 Latina
1863 2988 2110 3046 undecim
2134 2993 2279 3065 apud
2299 2995 2594 3047 Ausonium

1573 3072 1641 3123 ab
1679 3070 1868 3143 Epigr.
1915 3090 2032 3125 nvn
2081 3072 2147 3125 ad
2198 3093 2392 3127 vatu.
2449 3072 2594 3127 Illud

1575 3148 1720 3223 quod
1746 3152 1820 3202 ibi
1847 3164 1925 3203 est
1954 3151 2142 3205 ordine
2171 3154 2399 3223 primum
2420 3154 2596 3223 ,juvat

1575 3232 1663 3283 liic
1698 3232 1911 3283 referre.
1933 3232 2005 3283 ob
2034 3234 2350 3303 elegantiam
2382 3254 2394 3285 ε
2438 3260 2459 3281 ι
2491 3234 2596 3285 Bu-

1577 3311 1694 3362 cula
1723 3311 1998 3373 sun1,caelo
2027 3314 2285 3381 genitoris
2310 3314 2446 3367 facta
2475 3313 2595 3382 My-

1575 3390 1720 3441 ronis
1746 3392 1933 3442 AErea:
1964 3408 2062 3443 nec
2103 3392 2290 3446 factam
2315 3412 2400 3445 me
2431 3403 2561 3461 puto
2581 3430 2597 3455 ,

1578 3468 1670 3521 sed
1696 3469 1942 3539 genitam.
1980 3471 2066 3523 Sic
2101 3491 2187 3524 me
2225 3486 2406 3524 taurus
2449 3471 2550 3523 init
2579 3488 2594 3523 ε

1579 3550 1655 3602 sic
1683 3550 1924 3619 proxima
1957 3550 2152 3603 bucula
2181 3552 2376 3623 mugit:
2403 3548 2488 3601 Sic
2514 3550 2596 3601 vi-

1580 3630 1722 3680 tulus
1775 3629 1958 3682 sitiens
2005 3632 2170 3683 ubera
2217 3630 2402 3683 'nostra
2447 3629 2600 3699 petit.

1578 3708 1822 3771 Miraris,
1848 3709 1992 3780 quod
2018 3710 2142 3761 fallo
2165 3707 2408 3779 gregem?
2429 3709 2600 3779 gregis

1581 3788 1692 3858 ipse
1725 3790 1999 3858 magister,
2034 3790 2180 3841 Inter
2214 3800 2482 3858 pascentes
2515 3808 2600 3844 me

1575 3886 1856 3920 numerare
1875 3868 2024 3922 solet.
2038 3895 2060 3915 ι»
2079 3865 2222 3919 Vide
2250 3882 2304 3921 et
2320 3868 2351 3919 J
2356 3867 2447 3921 oh.
2467 3864 2604 3923 Tze-

1577 3958 1719 4005 tzen,
1758 3948 2050 4015 Chihvnr,
2069 3946 2202 3999 Hist.
2228 3953 2367 4016 194,
2391 3968 2446 4003 v.
2466 3950 2598 4020 374.
