2975 4684
1053 398 1359 465 LIBER
1407 396 1790 465 XXXIII.

2352 395 2479 469 125

353 545 690 602 statuam.
737 531 894 598 item
931 517 1377 600 Mithridatis⁴
1415 531 1810 659 Eupatoris,
1858 542 1927 598 et
1962 552 2199 598 currus
2246 554 2481 602 aureos

352 651 848 732 argenteosque.
878 639 1244 730 Argentum
1275 621 1605 706 succedit⁵
1629 634 1981 730 aliquando
1998 649 2065 704 et
2090 659 2289 724 aui-0,
2317 636 2475 705 luxu
2515 681 2544 712 2

354 743 744 812 feminarum
792 733 1002 837 plebis
1038 742 1392 886 compedes
1427 742 1549 810 sibi
1586 767 1669 810 ex
1710 765 1789 811 eo
1829 728 2271 823 facientiumffi
2310 767 2473 837 quas

351 849 624 918 induere
671 873 902 918 aureas
949 873 1094 918 mos
1137 847 1392 918 tritior⁷
1429 861 1627 917 vetat.
1658 833 1997 917 Vidimus⁸
2030 863 2097 916 et
2131 849 2269 968 ipsi
2298 848 2474 917 Arel-

349 956 514 1024 lium
541 953 568 994 ⁹
603 957 889 1024 Fuscum
947 947 974 1042 (
1021 969 1276 1023 motum
1326 955 1614 1051 equestri
1668 953 1939 1040 ordine,
1996 954 2088 1023 oh
2147 953 2469 1048 insignem

349 1058 782 1146 calumniam,
824 1085 1032 1155 quum
1085 1058 1526 1130 celebritate¹⁰
1556 1075 2059 1130 assectarentur
2106 1057 2477 1130 adolescen-

348 1167 516 1234 tium
543 1155 870 1258 scholae),
905 1191 988 1235 ex
1025 1181 1302 1260 argento
1329 1164 1563 1235 anulos
1596 1165 1969 1234 habentem.
2002 1168 2103 1234 -Et
2140 1165 2297 1259 quid
2334 1167 2475 1236 haec

348 1275 582 1342 attinet
639 1271 984 1368 colligere,
1028 1297 1234 1366 quum
1289 1271 1509 1367 capuli
1570 1270 1920 1341 militum¹¹
1944 1321 1965 1354 ,
2010 1271 2211 1342 ebore
2272 1273 2471 1340 etiam

348 1491 416 1547 tis
467 1512 595 1547 avus
637 1494 760 1548 ruit.
813 1493 1099 1564 Eleganter
1142 1493 1366 1557 Seneca,

349 1591 436 1644 ep.
453 1590 727 1638 uxum,
740 1570 809 1625 de
826 1572 1010 1625 statuis
1021 1571 1078 1622 in
1095 1571 1366 1642 triumpho

289 1701 292 1708 .
347 1652 644 1707 translatis:
674 1677 698 1699 ι
725 1651 1007 1722 sacrilegia
1031 1650 1236 1703 minuta
1268 1670 1368 1721 pu·

345 1732 591 1795 niuntur‚
622 1748 811 1802 magna
853 1730 910 1782 in
956 1729 1246 1800 triumphis
1290 1731 1368 1783 fe·

345 1823 556 1862 runtur.
588 1835 610 1856 a·
636 1808 817 1862 ΗΑιιι).

432 1895 484 1953 4.
539 1890 659 1941 leem
707 1889 1008 1943 Mithridatis
1064 1890 1328 1960 Eupatort's
1346 1929 1362 1953 ,

346 1981 398 2022 et
421 1988 586 2021 cure-us
613 1987 814 2032 aureos,
851 1982 951 2022 etc.
995 1971 1226 2022 Auream
1259 1969 1364 2021 Mi·

299 2043 314 2053 ’
349 2048 596 2103 tbridatis
627 2059 852 2102 statuam
899 2061 1022 2101 octo
1061 2049 1364 2102 cubitorum

347 2129 404 2182 iu
425 2127 698 2200 triumpho
712 2128 952 2199 Pompeii
973 2128 1125 2181 latam
1141 2167 1158 2194 ‚
1177 2142 1364 2182 auctor

349 2221 426 2262 est
451 2209 726 2279 Appianus
747 2243 766 2269 ,
795 2208 854 2260 in
877 2207 1118 2261 miehi-id.
1147 2225 1205 2278 p.
1235 2208 1360 2262 252.

347 2285 596 2360 Ejusdem
645 2287 864 2340 alteram
917 2305 1101 2340 senum
1159 2285 1360 2358 pedum

348 2367 630 2420 exhibitam
658 2383 700 2419 a·
719 2366 974 2431 Lucullo,
1009 2367 1281 2422 Plutarch.
1304 2368 1359 2420 in

346 2447 457 2518 ejus
475 2446 609 2510 vita,
637 2465 695 2516 p.
721 2445 852 2499 516.
883 2445 1064 2498 Ηιιο.

427 2523 457 2579 5
469 2565 482 2580 .
501 2523 726 2578 Succedit
740 2524 1016 2596 aliquando.
1037 2525 1279 2580 Gronov.
1308 2539 1364 2580 et

347 2605 432 2659 Al.
454 2603 646 2658 additis
669 2603 875 2658 duabus
902 2605 1105 2659 voculis
1123 2605 1365 2670 ‚succedit

347 2705 406 2737 ez
437 2705 488 2735 re
517 2685 638 2754 aliq.
659 2685 762 2736 En.

429 2767 482 2814 6.
511 2763 654 2814 Luxu
672 2762 968 2829 fiminamm
991 2763 1145 2834 plebis
1177 2785 1363 2837 compe-

348 2841 432 2894 des
457 2841 550 2893 siba·
574 2861 636 2892 ex
663 2861 718 2892 eo
731 2842 1016 2909 facientium
1031 2881 1048 2904 ‚
1084 2864 1228 2914 qaas,
1259 2858 1360 2900 etc.

348 2917 677 2990 compedem
695 2922 991 2973 calceorum
1011 2937 1254 2975 ornatum
1276 2943 1364 2977 vo-

348 3011 464 3065 cat,
507 2999 635 3071 qui,
663 3011 720 3052 ut
757 3000 815 3052 in
855 2999 1066 3052 feminis
1107 3005 1366 3073 equestris

342 3077 549 3132 ordinis
573 3096 760 3132 aureus
789 3079 920 3142 fuit,
959 3097 1119 3150 supra
1147 3100 1264 3151 cap.
1295 3082 1364 3146 3,

345 3159 422 3212 sic
447 3157 669 3230 plebeiis
687 3170 964 3229 argenteus
979 3198 994 3224 ,
1016 3179 1146 3214 auro
1172 3161 1276 3214 illis
1295 3121 1366 3216 ad

345 3256 468 3290 eum
485 3237 668 3290 luxum
687 3257 796 3291 nou
817 3239 1086 3310 permisso.
1107 3242 1244 3294 Du..

425 3336 481 3388 7.
503 3317 614 3370 Mos
645 3322 803 3371 tritior
831 3331 988 3371 cetat.
1016 3319 1081 3372 ld
1109 3333 1213 3381 est,
1249 3322 1360 3392 jam

350 3397 618 3468 vulgatus,
656 3412 710 3451 et
750 3398 944 3468 passim
975 3413 1234 3472 receptus.
1269 3402 1362 3454 Iu·

343 3477 462 3530 nuit
503 3488 772 3547 argenteas
811 3477 1096 3548 compedes
1133 3499 1162 3532 a
1203 3481 1362 3551 plebe

342 3569 592 3625 gestatas,
613 3573 779 3626 quum
805 3558 915 3627 jam
947 3575 1116 3612 aurea
1137 3557 1362 3613 fastidiri

343 3637 650 3707 ooepissent‚
683 3653 924 3706 perversa
975 3637 1214 3702 luxuria,
1250 3639 1358 3709 jam

344 3712 468 3766 tritu
502 3728 679 3770 tamen
711 3728 764 3769 et
793 3716 1097 3786 pervulgato
1124 3735 1288 3771 more.
1312 3717 1360 3768 A

343 3791 497 3848 MSS.
548 3795 932 3864 exemplaribus
979 3813 1088 3848 non
1139 3795 1358 3850 discedi·

345 3887 491 3936 mus,
527 3892 660 3945 quos
701 3874 966 3945 negligere
1019 3874 1270 3929 videntur
1317 3875 1354 3928 ii

347 3949 440 4018 qui
458 3953 538 4004 vel
561 3973 660 4006 mos
678 3958 886 4018 tristior,
913 3951 1060 4026 quod
1084 3973 1243 4009 nemo
1272 3955 1356 4010 in-

1460 1491 1750 1560 Qm'ritiam,
1786 1489 1933 1544 haud
1972 1490 2097 1544 satis
2122 1489 2362 1542 consulto
2392 1509 2475 1544 re·

1455 1587 1655 1639 ponere
1684 1582 1960 1624 conantur.
2006 1571 2087 1622 De
2118 1566 2469 1640 compedibus

1455 1649 1521 1702 iis
1542 1647 1773 1720 egimus,
1800 1668 1849 1701 c.
1880 1667 1967 1702 η.
1990 1648 2177 1702 Ηιιιι).

1537 1729 1591 1780 8.
1611 1728 1852 1782 Vidimus.
1866 1726 2140 1780 nvidimus
2151 1738 2205 1780 et
2216 1727 2317 1798 ipsi
2330 1727 2475 1780 Arel-

1455 1807 1647 1860 lium...
1690 1827 1753 1860 εκ
1786 1819 2005 1880 argento
2048 1807 2235 1862 anulos
2274 1807 2475 1859 hahen-

1453 1899 1588 1950 tem,
1616 1912 1639 1933 ι
1667 1904 1833 1959 quum
1868 1905 2053 1940 aureos
2084 1885 2373 1951 fastidiret,
2392 1885 2471 1938 fe-

1454 1967 1721 2020 minarum
1746 1984 1911 2019 more.
1939 1965 2119 2021 Hsnn.
2468 2025 2475 2036 ¹

1534 2063 1589 2114 9.
1609 2045 1868 2099 Arellium.
1904 2044 2003 2100 Hic
2040 2048 2152 2119 ejus
2182 2047 2368 2100 Arellii
2404 2047 2471 2102 fi-

1449 2124 1583 2192 lius,
1612 2143 1771 2196 quem
1801 2126 1869 2191 Q.
1898 2126 2126 2179 Fuscum
2156 2127 2351 2182 Seneca
2379 2150 2471 2203 pa.

1450 2217 1552 2270 ter,
1575 2205 1761 2260 Contr.
1790 2206 1817 2258 1
1836 2244 1852 2269 ‚
1885 2224 1941 2276 7,
1965 2225 2019 2276 p.
2065 2224 2159 2275 91,
2180 2209 2468 2282 multisque

1446 2285 1564 2337 aliis
1583 2285 1713 2338 locis
1732 2285 1992 2338 Arellium
2011 2285 2239 2340 Fuscum
2258 2299 2469 2358 patrem

1448 2365 1718 2434 appellat,
1780 2377 1834 2416 et
1898 2365 2189 2418 rhetorem.
2261 2367 2465 2424 Locum

1447 2441 1593 2496 hunc
1604 2483 1625 2516 ,
1646 2461 1825 2516 quem,
1844 2444 1917 2496 uti
1940 2443 2231 2509 edidimus,
2256 2444 2329 2500 ita
2350 2451 2467 2522 typi

1449 2541 1637 2576 omnes
1668 2525 2119 2596 manuscriptique
2152 2524 2361 2582 codices
2388 2549 2471 2584 re·

1447 2613 1799 2672 praesentant‚
1826 2614 1887 2656 ut
1915 2603 2234 2670 enodarem,
2271 2607 2463 2664 frum-a

1448 2679 1775 2734 desudarunt
1825 2683 2119 2749 Barbarus,
2165 2645 2463 2756 Pitumnus,

1447 2759 1781 2824 Gronovius,
1814 2753 2025 2816 aliioue.
2065 2765 2177 2818 Nos
2214 2777 2267 2818 et
2302 2767 2465 2822 inter-

1447 2840 1737 2912 punctione
1771 2839 1888 2894 loeo
1919 2840 2191 2908 adbibita,
2218 2858 2273 2898 et
2292 2846 2460 2900 iuter-

1447 2921 1743 2991 pretatione
1793 2919 2017 2992 simplici
2034 2961 2049 2987 ,
2102 2923 2319 2993 planum
2336 2965 2353 2991 ,
2402 2941 2463 2980 ut

1447 2998 1667 3071 quidem
1698 3017 1896 3063 remur,
1925 3000 2165 3056 fecimus.
2198 3004 2375 3059 Huni).

1533 3097 1615 3132 ιο.
1642 3079 1803 3148 Quum
1826 3081 2097 3133 celebritate
2118 3096 2467 3140 ‹resecem-emur

1447 3159 1732 3211 adolescent.
1754 3159 1945 3224 schole,
1957 3173 2057 3216 etc.
2078 3161 2295 3255 Quippe
2311 3167 2461 3238 quod

1445 3239 1659 3291 turbam
1708 3236 2119 3295 adolescentium
2168 3243 2459 3315 ingentem

1449 3319 1683 3371 traheret
1694 3318 1817 3389 ,qui
1838 3336 1961 3372 eum
1984 3320 2041 3372 in
2062 3322 2255 3376 scholis
2276 3326 2461 3380 audie-

1445 3398 1615 3450 bant:
1658 3397 1748 3450 hic
1778 3398 2061 3453 comitatus
2093 3402 2271 3458 fuitei
2304 3425 2461 3460 causa

1445 3476 1667 3549 insignis
1694 3477 1986 3532 calumnia.
2015 3481 2197 3536 Hann-

1534 3573 1555 3609 t
1571 3575 1619 3610 1.
1643 3558 1803 3627 Quam
1821 3560 1985 3629 capuli
1995 3561 2217 3625 militum,
2232 3575 2331 3616 etc.
2352 3563 2463 3616 Pri·

1444 3627 1520 3690 sci
1548 3636 1735 3690 heroes
1750 3636 1955 3709 gladios
1974 3639 2273 3695 habuerunt
2300 3642 2461 3695 clavis

1445 3717 1705 3786 argenteis
1724 3718 1974 3772 confixos.
1988 3719 2205 3773 Homer.
2231 3719 2383 3774 Iliad.
2398 3723 2464 3786 B,

1443 3793 1513 3849 de
1528 3799 1957 3868 Agamemnone,
1972 3791 2107 3868 Ᾰμφῑ
2129 3793 2183 3850 δ’
2206 3799 2286 3870 ἄρ’
2310 3801 2461 3870 ὤμοι-

1443 3895 1518 3928 σιν
1548 3875 1727 3943 βάλετο
1756 3877 1884 3947 ξίφος
1906 3879 2209 3948 ἀργυρόηλον.
2230 3880 2365 3931 Du..
2382 3909 2461 3922 -—-

1442 3953 1706 4010 Fastidita.
1734 3955 1903 4010 Gron.
1936 3969 1989 4010 et
2014 3955 2100 4009 Al.
2134 3969 2255 4010 ante
2292 3957 2461 4014 Hei-d.

347 4027 536 4100 telligat
555 4071 570 4101 ,
584 4033 668 4090 vel
685 4053 783 4086 mos
793 4036 1107 4105 patriciorum
1122 4074 1140 4101 ,
1153 4035 1238 4090 vel
1255 4055 1354 4088 mos
1431 4035 1659 4100 fastidio.
1687 4035 1789 4088 En.
