2975 4684
490 337 619 384 112

1028 284 1102 384 c.
1156 317 1469 387 PmNn
1519 317 1736 384 NAT.
1789 319 2042 386 ms‘r.

479 451 696 545 ipsum
733 447 961 542 aliquis
985 462 1327 544 comparet
1355 451 1586 518 Croeso
1621 451 1782 543 regi.
1811 451 2010 538 Quae,
2059 445 2305 518 malum
2325 501 2345 534 ,
2373 474 2596 520 amen-

484 558 575 626 tia
614 569 741 640 est,
780 553 847 621 id
890 555 959 621 in
998 555 1137 622 vita
1170 579 1453 648 cupere,
1492 553 1669 648 quod
1711 569 1827 622 aut
1878 556 2072 623 etiam
2129 557 2342 625 servis
2385 560 2596 626 conti·

486 662 686 756 gerit,
726 673 841 726 aut
876 683 960 726 ne
996 659 1065 726 in
1102 660 1367 755 regibus
1402 659 1664 752 quidem
1708 661 2040 732 invenerit
2081 657 2316 730 finem!

588 766 900 834 XLVIII.
961 764 1251 858 Populus
1313 766 1626 835 romanus
1673 766 1948 862 stipem¹
1995 791 2304 862 spargere
2357 769 2594 862 coepit,

481 874 593 965 Sp.
614 870 1011 956 Postumio’,
1041 872 1129 959 Q.
1162 872 1417 939 Marcio
1446 895 1612 941 coss.
1629 874 1842 941 Tanta
1867 873 2272 942 abundantia
2303 873 2598 968 pecuniae

480 989 661 1060 erat,
722 989 799 1044 ut
836 1000 981 1044 eam
1026 975 1357 1045 conferret
1396 979 1471 1045 L.
1521 979 1850 1073 Scipioni,
1901 1003 1982 1047 ex
2011 1003 2142 1072 qua
2176 980 2232 1048 is
2271 977 2460 1048 ludos
2501 977 2594 1046 fe·

480 1067 633 1150 cit'³.
668 1081 843 1151 Nam
866 1081 1045 1176 quod
1076 1071 1417 1178 Agrippi&
1442 1084 1753 1154 Menenio
1783 1099 2109 1154 sextantes
2133 1086 2276 1154 aeris
2303 1086 2368 1152 in
2401 1084 2597 1153 funus

480 1185 793 1271 contulit,
840 1187 1111 1257 honoris
1155 1189 1222 1258 id
1264 1190 1796 1284 necessitatisque
1825 1205 2100 1285 propter
2141 1203 2598 1286 paupertatem
2701 1277 2707 1289 .

484 1295 822 1389 Agrippae,
862 1317 997 1362 non
1032 1293 1409 1389 largitionis·
1434 1320 1578 1366 esse
1612 1295 1910 1366 dixerim.

581 1403 826 1469 XLIX.
848 1389 2599 1497 (11.)Vasaexargentomirainconstantiahumaniin-

478 1506 650 1601 genii
689 1507 931 1594 variat,
974 1504 1229 1577 nullum
1278 1531 1485 1603 genus
1519 1507 1806 1581 officinae
1840 1509 1954 1578 diu
1997 1509 2379 1603 probandO,
2421 1531 2600 1576 nunc

480 1733 686 1804 posuit,
734 1744 791 1786 et
840 1733 940 1788 bac
987 1734 1205 1789 victima
1254 1735 1498 1791 lustravit

480 1812 791 1868 exercitum.
815 1813 1009 1868 Seneca
1031 1813 1102 1867 de
1126 1817 1203 1869 ire
1223 1854 1239 1879 ‚
1263 1816 1377 1880 111,
1406 1835 1496 1886 ¹73

484 1890 682 1945 Herod.
702 1891 807 1944 loc.
831 1894 922 1946 cit.
939 1913 995 1946 n.
1024 1893 1117 1964 39,
1143 1908 1195 1948 et
1220 1895 1364 1947 Plut.
1392 1895 1495 1948 loc.

481 1971 571 2024 cit.
602 1989 724 2042 pag.
756 1973 884 2026 263.
920 1974 1101 2028 Hsnn.
1145 2004 1225 2017 -
1258 1971 1504 2026 Senectute·

481 2071 581 2104 ,κιαι
622 2054 672 2102 in
714 2051 917 2106 delectu.
968 2053 1173 2106 Broter.
1225 2071 1289 2105 ex
1336 2052 1498 2107 codd.

481 2131 647 2202 Regg.
684 2151 713 2184 2
748 2144 797 2184 et
828 2129 859 2185 3
878 2165 894 2193 ‚
954 2158 977 2180 ι
998 2133 1056 2186 in
1099 2131 1309 2186 delectu
1352 2151 1500 2187 sene-

481 2211 615 2264 ctuti
646 2229 770 2264 suo.
796 2237 817 2258 ι
855 2212 960 2264 En.

562 2291 813 2343 XLVIII.
848 2311 869 2344 1
882 2330 895 2344 .
922 2291 1135 2362 Populus
1168 2311 1388 2344 romanus
1417 2295 1500 2344 .τεὶ-

476 2390 585 2442 pem
614 2389 839 2440 spargere
866 2375 1033 2442 coept't,
1060 2383 1163 2425 etc.
1181 2371 1501 2425 Voluntaria

482 2451 598 2502 haec
622 2449 830 2521 largitio
856 2452 1093 2521 pecuniae
1114 2451 1330 2523 publica
1351 2451 1455 2504 fuit
1481 2469 1496 2502 ε

482 2542 535 2582 αι
576 2529 755 2581 multis
802 2542 923 2584 ante
978 2532 1127 2584 annis
1176 2550 1239 2583 ex
1292 2529 1500 2596 edicto,

482 2605 729 2678 quando,
782 2621 841 2662 ut
884 2609 1067 2664 Livius
1110 2611 1273 2663 refert
1320 2611 1500 2674 XXV,

482 2706 539 2758 p.
573 2690 707 2757 267.
742 2714 765 2736 ι
794 2687 975 2742 Ludos
1008 2703 1203 2762 praetor
1241 2691 1297 2742 in
1336 2689 1498 2743 Circo

484 2766 715 2819 maximo
728 2785 894 2840 quum
910 2769 1139 2823 facturus
1152 2782 1303 2833 esset,
1315 2767 1498 2834 edixit,

482 2859 545 2898 ut
582 2849 816 2918 populus
854 2867 951 2920 per
987 2867 1076 2902 eos
1112 2849 1271 2901 ludos
1306 2849 1509 2920 stipem·

485 2925 745 2998 Apollini,
774 2940 1033 2998 quantum
1058 2925 1397 2981 commodum
1423 2945 1499 2981 es-

483 3019 591 3069 set,
614 3007 895 3060 conferret.
918 3033 940 3054 ·
962 3006 1139 3060 niun.

565 3103 618 3136 2.
648 3083 735 3154 Sp.
766 3087 1029 3139 Postumio.
1070 3089 1215 3139 Anu.
1256 3086 1326 3138 U.
1366 3085 1494 3142 568.

484 3165 563 3216 De
581 3163 665 3215 his
679 3165 1003 3232 consulibus,
1019 3167 1222 3230 Livius,
1236 3163 1497 3232 xxxlx,

482 3261 538 3314 p.
569 3249 694 3311 494.
728 3242 905 3298 Hutn.

566 3322 619 3374 3.
656 3321 815 3375 Ludos
842 3326 987 3394 fecit.
1029 3326 1213 3380 Livius
1254 3325 1358 3379 loc.
1406 3325 1495 3380 cit.

488 3427 510 3448 ·
541 3402 721 3472 Scipio
760 3403 915 3459 ludos
950 3423 1015 3458 eo
1054 3418 1324 3475 tempore,
1364 3423 1500 3478 quos

482 3479 623 3534 bello
655 3483 904 3538 Antiochi
930 3485 1133 3539 vovisse
1160 3505 1215 3539 se
1252 3483 1465 3538 dicebat
1476 3520 1496 3545 ‚

482 3579 547 3612 ex
570 3562 756 3616 collata
780 3562 845 3616 sd
872 3565 929 3620 id
948 3565 1173 3637 pecunia
1190 3563 1260 3617 ab
1282 3565 1500 3634 regibus

482 3641 882 3714 civitatibusque
924 3663 1024 3716 per
1056 3643 1171 3698 dies
1198 3642 1383 3697 decem
1425 3643 1499 3694 fe-

481 3720 580 3786 cit,
600 3735 698 3774 etc.
726 3748 749 3770 a
772 3724 894 3778 Fuit
913 3726 957 3778 is
974 3727 1037 3777 L.
1062 3723 1261 3795 Scipio,
1282 3722 1344 3774 P.
1366 3721 1499 3774 Cor-

482 3799 609 3852 nelii
636 3803 871 3856 Africani
898 3805 1075 3856 frater.
1102 3803 1283 3855 Eun.

562 3886 615 3944 4.
648 3881 779 3934 Nam
808 3883 939 3954 quod
960 3883 1222 3950 Agrippae,
1250 3890 1351 3931 etc.
1388 3879 1496 3930 No·-

480 3959 601 4012 nius
620 3960 902 4014 Marcellus
930 3963 985 4013 in
1006 3977 1134 4014 voce
1156 3957 1409 4023 Ducam,
1430 3975 1496 4010 ex

1586 1737 1858 1795 Ciceronis
1887 1739 1982 1792 lib.
2013 1739 2096 1792 VI
2116 1779 2132 1804 ,
2164 1737 2232 1792 de
2257 1737 2488 1810 Republ.
2509 1737 2602 1792 ina

1585 1816 1652 1871 de
1675 1837 1735 1872 re
1755 1819 1868 1892 lpse
1891 1819 2047 1872 citat:
2073 1843 2099 1866 ι
2131 1818 2446 1872 Meministis
2471 1837 2601 1872 cou-

1585 1915 1742 1950 cursu
1787 1898 2058 1950 levissimae
2106 1895 2500 1962 multitudinis,
2548 1909 2603 1952 et

1587 1995 1690 2029 aere
1719 1987 1972 2047 congesto
1988 2017 2003 2038 ,
2031 1977 2187 2028 funus
2210 1973 2457 2029 desubito
2491 1993 2602 2028 esse

1586 2067 1847 2108 curetum.
1887 2080 1910 2102 ι
1944 2057 2078 2106 Du..
2102 2085 2180 2096 ·-—-
2201 2054 2342 2108 Nam.
2376 2053 2492 2108 Liv.
2517 2055 2603 2117 Π,

1585 2153 1638 2204 p.
1659 2133 1729 2186 33
1759 2152 1773 2187 :
1794 2161 1816 2182 ι
1844 2132 2048 2186 Eodem
2069 2151 2207 2185 anno
2227 2133 2465 2205 Agrippa
2485 2133 2600 2186 Me-

1584 2213 1775 2267 nenius
1792 2214 2020 2266 moritur
2037 2252 2049 2264 .
2064 2252 2076 2265 .
2097 2251 2108 2264 .
2122 2212 2260 2264 Huic
2279 2253 2290 2264 .
2304 2251 2316 2263 .
2338 2225 2599 2284 .sumptus

1587 2293 1764 2345 funeri
1813 2291 1999 2346 defuit.
2037 2292 2247 2344 Extulit
2282 2309 2404 2345 eum
2449 2293 2601 2362 plebs

1585 2372 1910 2426 sextantibus
1925 2372 2124 2425 collatis
2146 2371 2200 2424 in
2223 2371 2422 2442 capita,
2447 2397 2468 2417 ι·
2494 2371 2600 2424 hoc

1585 2465 1694 2514 est,
1734 2465 1870 2505 sexta
1914 2465 2063 2522 parte
2107 2450 2258 2515 assis,
2299 2469 2389 2504 seu
2429 2450 2599 2504 unciis

1585 2531 1788 2586 duabus
1814 2549 1828 2583 ε
1855 2550 1908 2584 as
1935 2531 2074 2606 enim
2105 2527 2366 2582 duodenis
2397 2541 2601 2585 consts-

1585 2612 1702 2676 bat,
1719 2629 1842 2664 nam
1867 2609 1992 2663 inde
2015 2610 2230 2663 sextanti
2257 2609 2602 2664 nomen.Hoc

1585 2692 1755 2759 ipsum
1797 2691 2016 2762 eleganti
2053 2688 2297 2742 oratione
2333 2701 2514 2742 narret
2547 2701 2602 2743 et

1586 2771 1704 2822 val.
1733 2771 1874 2823 Max.
1903 2771 2002 2831 IV,
2032 2775 2062 2832 4
2084 2807 2100 2833 ,
2125 2787 2181 2822 n.
2209 2791 2260 2840 α..
2279 2771 2414 2822 Item
2440 2769 2603 2822 Sene-

1584 2867 1643 2903 ca
1673 2848 1741 2902 de
1767 2850 1981 2904 Consol.
2019 2847 2087 2900 ad
2117 2849 2268 2901 Helv.
2297 2867 2346 2901 c.
2387 2867 2472 2902 η.
2497 2847 2600 2901 Fu-

1585 2941 1696 2982 erat
1719 2929 1957 3001 Agrippa
1973 2930 2112 2982 inter
2125 2928 2302 2981 Patres
2313 2946 2374 2980 nc
2387 2928 2600 2998 plebem

1583 3008 1810 3079 publicae
1833 3009 2010 3080 gratiae
2042 3019 2326 3078 sequester,
2361 3006 2600 3060 reconci-

1585 3088 1724 3141 liatis
1758 3087 1978 3152 animis,
2015 3098 2292 3158 postquam
2323 3085 2394 3136 ob
2425 3082 2602 3137 eredi-

1584 3179 1760 3221 torum
1809 3165 2208 3238 impotentiam,
2257 3181 2396 3216 anno
2444 3166 2552 3216 ,δι
2575 3197 2595 3226 ,

1583 3245 1735 3320 plebs
1778 3257 1919 3298 trans
1957 3245 2214 3296 Anienem
2264 3241 2320 3293 in
2359 3253 2598 3294 montem

1547 3383 1551 3388 ⁴
1583 3326 1798 3379 Sacrum
1817 3323 2103 3376 secessisset
2120 3339 2149 3372 a
2166 3320 2600 3392 patriciisQunre

1584 3421 1746 3476 quum
1765 3400 1987 3473 puderet
2006 3401 2186 3454 Patres
2201 3401 2373 3453 virum
2393 3411 2599 3454 tantum

1584 3483 1798 3536 collecta
1815 3480 2014 3532 viritim
2031 3479 2166 3551 stipe
2183 3480 2436 3547 funerari,
2453 3482 2601 3551 jussu

1584 3571 1823 3623 senatus,
1849 3570 2090 3632 sumptus
2119 3580 2181 3612 ex
2213 3559 2398 3614 erario
2420 3558 2488 3613 sd
2519 3559 2602 3612 fu-

1585 3659 1683 3693 nus
1721 3638 1992 3693 decretum
2023 3651 2117 3692 est.
2153 3643 2348 3694 Auctor
2373 3641 2598 3708 Dionys.

1587 3720 1704 3772 Hal.
1727 3719 1904 3790 Antiq.
1929 3721 2149 3772 Roman.
2166 3719 2259 3773 lib.
2277 3719 2442 3788 v1,p.
2463 3719 2597 3780 416.

1587 3799 1672 3852 Sic
1699 3799 1892 3852 Fabius
1927 3800 2038 3870 ipse
2069 3799 2331 3852 Maximus
2363 3814 2464 3850 mre
2489 3795 2598 3848 col-

1583 3879 1690 3931 lnto
1713 3879 1986 3932 funeratus
2003 3891 2080 3930 est
2097 3916 2112 3936 .
2133 3879 2202 3932 ita
2227 3874 2484 3948 prodente
2497 3875 2601 3929 Vn-

1585 3957 1679 4012 ler.
1705 3959 1920 4013 Maxim.
1943 3959 2044 4022 IV,
2067 3961 2121 4021 8,
2138 3975 2195 4027 p.
2225 3960 2354 4025 289.
2377 3953 2560 4010 lisun-
