2975 4684
446 337 581 411 563

970 343 1048 414 C.
1102 343 1427 412 PLINII
1474 341 1703 410 NAT.
1755 341 2017 408 HIST.

438 488 872 569 praeterquam
896 475 1249 544 Ismeniam
1270 462 1294 506 ⁴
1314 473 1696 544 choraulem
1712 457 1759 559 ⁵,
1781 472 2003 541 multis
2031 469 2430 565 fulgentibus
2477 499 2568 545 ue

440 582 535 648 uti
567 577 866 662 solitum,
896 581 1251 649 comitante
1286 579 1506 649 fabula
1533 579 1892 648 vanitatem
1926 579 2105 671 ejuS,
2134 577 2419 648 indicato
2491 583 2563 650 in

437 689 663 779 Cypro
691 710 802 753 sex
825 687 1043 753 aureis
1059 685 1375 755 denariis⁷
1390 685 1797 780 smaragdo,
1822 687 1890 752 in
1913 709 2046 778 quo
2071 685 2283 752 fuerat
2308 684 2564 780 sculpta
2622 733 2628 739 ·

436 776 845 883 Amymone⁸
850 841 869 871 ,
892 791 1158 880 jussisse
1189 795 1550 861 numerari:
1585 806 1656 859 et
1683 815 1884 884 quum
1901 791 2034 859 duo
2067 789 2290 858 relati⁹
2322 807 2566 880 essent,

437 897 786 965 imminuto
802 899 1045 989 pretio,
1063 896 1233 966 male
1255 896 1558 967 hercules
1577 895 1906 966 curatum¹
1912 895 2254 982 ζάἰκίεεε.
2277 895 2558 966 multum

369 1031 397 1064 2
436 1003 613 1070 enim
632 1001 999 1071 detractum
1031 1027 1306 1097 gemmae
1328 994 1628 1098 dignitati

1645 1001 1715 1070 ¹¹.
1745 1005 1872 1071 Hic
1895 949 2154 1071 videtur
2183 1003 2560 1087 instituisse,

434 1121 511 1176 ut
557 1133 787 1178 omnes
828 1111 1095 1177 musicae
1128 1107 1345 1178 artis¹²
1380 1110 1508 1179 hac
1549 1133 1814 1204 quoque
1857 1109 2294 1178 ostentatione
2335 1129 2560 1178 cense-

517 1273 568 1330 4.
597 1267 867 1322 Ismeniam.
890 1260 1119 1338 Ῑσμηνὶάν
1138 1309 1152 1335 ,
1180 1268 1449 1324 tibicinem

338 1365 347 1380 ·
432 1345 747 1399 Thebanum
764 1385 777 1411 ,
795 1347 861 1400 de
876 1365 985 1417 quo
1003 1347 1334 1413 Plutarchus,
1354 1350 1449 1403 tib.

433 1422 685 1479 adversus
709 1426 1022 1496 Epicurum,
1048 1447 1167 1500 pag.
1201 1428 1343 1498 1095
1358 1467 1374 1494 ,
1400 1441 1455 1483 et

428 1505 489 1558 in
520 1506 719 1558 Pericle
761 1527 773 1557 :
816 1532 837 1554 ιι
866 1505 1045 1571 Quum
1080 1507 1342 1573 audisset,
1368 1509 1451 1562 in·

431 1585 579 1656 quit,
608 1585 885 1638 Antistheni
894 1605 969 1650 es,
1004 1587 1281 1642 Ismeniam
1310 1589 1455 1658 opti-

430 1683 583 1718 mum
629 1683 737 1718 esse
784 1666 1087 1731 tibicinem,
1134 1666 1447 1738 respondit.

428 1743 639 1798 Malus·
628 1744 823 1815 igitur·
852 1763 973 1798 natn
996 1746 1037 1799 si
1066 1748 1269 1818 probus
1286 1759 1445 1805 esset,

432 1822 627 1876 tibicen
650 1843 759 1876 non
790 1838 939 1878 esset.
968 1820 1210 1880 -ΗΑἰιη,

515 1902 568 1956 5.
609 1903 911 1956 Cher-aulem
952 1909 1237 1973 Χοραὺλην,
1274 1903 1449 1956 tibici-

427 1995 555 2034 nem
584 1983 679 2051 qui
704 1983 758 2034 in
786 1983 951 2035 choro
978 1983 1105 2035 tibia
1124 1983 1280 2036 canit.
1302 1983 1447 2036 Olim

430 2061 632 2132 quippe
648 2062 703 2114 in
730 2060 1029 2126 comoediis,
1052 2088 1074 2109 ι
1098 2060 1310 2130 quando
1325 2061 1449 2112 cho-

429 2157 521 2192 rus
548 2141 789 2203 canebat,
810 2141 1035 2192 choricis
1063 2141 1226 2204 tibiis,
1254 2137 1310 2191 id
1336 2150 1442 2200 est,

434 2217 785 2282 choraulicis‚
818 2219 1009 2270 artifex
1046 2219 1381 2282 concinebat,
1414 2243 1437 2266 ι

428 2298 603 2368 inquit
632 2295 943 2362 Diomedes,
969 2298 1063 2352 lib.
1091 2299 1205 2362 111,
1230 2317 1283 2368 p.
1312 2299 1443 2366 489.
1472 2343 1475 2348 .

428 2376 593 2448 Apud
615 2377 831 2430 Gruter.
858 2395 977 2447 pag.
1002 2377 1165 2441 1035,
1189 2378 1445 2430 (ἰωνικ-

427 2475 489 2510 nr
518 2458 848 2510 Cnonnun
864 2456 1079 2510 mentio.
1107 2458 1170 2508 In
1186 2457 1445 2510 conviviis

428 2537 582 2594 etiam
610 2536 857 2588 cecinisse
884 2536 1183 2600 choraulas,
1208 2555 1269 2588 ex
1298 2536 1441 2590 Mar-

428 2613 539 2666 tiali
566 2615 759 2668 scimus
776 2653 792 2678 ‚
816 2613 994 2685 Epigr.
1018 2619 1053 2667 1.
1078 2615 1158 2668 lx
1182 2633 1197 2668 :
1230 2642 1251 2664 ιι
1276 2614 1443 2680 Quod

424 2693 689 2762 optimum
730 2694 793 2745 sit
828 2694 1063 2764 quaeritis
1094 2694 1447 2748 convivium?

423 2773 489 2824 In
520 2771 667 2844 quod
691 2773 965 2826 choraules
992 2791 1103 2826 non
1138 2776 1300 2828 venit.
1320 2799 1341 2820 ι
1368 2775 1439 2826 Η.

504 2855 558 2906 6.
584 2852 827 2906 Indicam.
856 2855 1147 2907 AEstimato.
1179 2856 1357 2909 liano.

505 2951 557 3003 7.
586 2929 685 2984 Sea:
715 2936 872 2986 aus-eis
894 2933 1121 2986 denariis.
1148 2931 1407 2986 Denarios
1423 2969 1439 2998 ‚

419 3028 731 3066 nummosve
771 3029 954 3066 aureos
998 3013 1088 3065 hic
1126 3013 1437 3082 interpreta-

419 3107 562 3152 mur,
594 3109 823 3161 quorum
853 3091 1199 3162 quadraginta
1224 3104 1345 3145 octo
1380 3091 1439 3144 in

418 3169 583 3222 libras
609 3173 721 3224 auri
746 3172 959 3236 fierent,
980 3170 1175 3241 singuli
1204 3189 1291 3224 sex
1314 3171 1440 3224 scri·

414 3250 668 3319 pulcrum
684 3290 701 3316 ,
744 3269 971 3322 quorum
1017 3248 1441 3321 unumquodque

414 3328 617 3382 vicenis
644 3329 893 3383 sestertiis
914 3331 1312 3394 communibus,
1334 3327 1439 3384 hoc

416 3420 529 3474 est2
568 3407 798 3462 duorum
838 3410 1032 3462 assium
1069 3427 1188 3460 cum
1222 3408 1435 3460 semisse

414 3487 662 3558 singulis,
702 3489 1062 3553 aestimaretur,
1104 3505 1163 3539 ac
1206 3485 1433 3557 proinde

414 3567 657 3638 quinque
678 3567 910 3620 denariis
933 3567 1217 3636 argenteis3
1250 3583 1435 3618 mone-

412 3657 478 3698 τε
512 3660 705 3700 nostra
749 3642 833 3709 (ut
872 3645 1113 3717 superius
1152 3643 1431 3699 denarium

411 3739 715 3796 argenteum
733 3725 931 3778 assibus
944 3726 1137 3778 nostris
1156 3737 1277 3778 octo
1298 3738 1436 3778 taxa-

412 3802 603 3868 vimus)
628 3807 829 3859 assibus
850 3803 1215 3876 qnadraginta.
1241 3807 1320 3857 Ita
1341 3823 1433 3858 au-

407 3901 529 3936 reus
564 3886 793 3955 quisque
833 3885 1105 3951 denarius,
1154 3884 1247 3956 qui
1300 3896 1433 3938 esset

408 3978 496 4012 sex
529 3963 880 4032 scripulorum
900 4005 915 4031 ,
958 3984 1016 4018 ac
1062 3962 1289 4036 proinde
1328 3977 1431 4018 cxx

1545 1269 1910 1323 sestertiorum
1926 1306 1943 1332 ‚
1960 1267 2070 1322 sive
2089 1286 2191 1320 xxx
2218 1261 2564 1320 denariorum

1541 1349 1772 1420 argenti,
1825 1361 1959 1401 esset
2011 1359 2236 1400 monetae
2283 1347 2561 1410 nostratis,

1541 1428 1797 1482 librarum
1847 1425 2132 1480 duodecim
2151 1464 2168 1491 ‚
2213 1432 2248 1490 4
2289 1430 2412 1478 Acus.
2457 1427 2557 1478 Sex

1541 1507 1778 1574 denarii,
1827 1506 2154 1578 septuaginta
2201 1503 2322 1558 duee
2379 1504 2563 1570 libre,

1543 1605 1614 1658 72
1641 1589 1797 1650 liam,
1819 1605 1891 1638 ou
1918 1591 1990 1647 ²4
2015 1591 2138 1636 deus.
2157 1585 2228 1637 H.
2245 1584 2562 1637 *Indicam

1539 1670 1590 1718 in
1609 1667 1771 1736 Cypro
1787 1686 1871 1718 sex
1885 1668 2041 1717 aureis
2057 1665 2266 1716 denariis
2283 1659 2555 1734 smaragdo·

1538 1742 1684 1799 Edit.
1715 1745 1890 1817 princ.
1922 1771 1944 1792 ι
1979 1743 2156 1797 indito
2199 1743 2254 1796 in
2289 1742 2470 1814 Cypro
2497 1763 2557 1796 vr

1539 1825 1709 1878 aureis
1759 1823 1990 1876 denariis
2039 1842 2140 1894 pro
2186 1821 2481 1892 smaragdo.
2525 1847 2552 1870 ι

1537 1903 1684 1956 Brot.
1713 1921 1776 1956 ex
1819 1903 1966 1956 MSS.
1997 1904 2158 1973 Regg.
2187 1921 2252 1965 a,
2277 1901 2307 1952 3
2329 1941 2346 1964 ‚
2381 1902 2409 1954 5
2434 1936 2451 1964 ‚
2481 1905 2516 1955 6
2541 1939 2558 1967 ,

1539 1980 1860 2034 «indicante
1895 1983 1950 2034 in
1995 1981 2176 2051 Cypro
2217 1999 2336 2052 rege
2369 1997 2556 2033 aureos

1533 2057 1781 2112 denarios
1803 2079 1834 2112 c
1861 2079 1962 2131 pro
1980 2059 2274 2131 smaragdo.
2294 2061 2552 2113 -Centnm

1534 2139 1677 2192 aurei
1705 2138 1914 2192 denarii
1945 2149 2072 2192 sunt
2103 2139 2302 2209 gallica:
2331 2151 2558 2192 moneto

1531 2219 1684 2272 librae
1717 2217 1908 2284 2362.
1936 2219 2082 2272 Infra
2107 2237 2222 2291 cap.
2253 2237 2340 2289 17,
2361 2219 2418 2272 in
2446 2217 2556 2286 Cy·

1533 2318 1634 2369 pro
1653 2298 1823 2352 insula
1853 2311 2182 2352 memoratur
2205 2301 2317 2368 ejus
2345 2298 2556 2368 regulus

1532 2377 1794 2432 Hermias.
1821 2379 1930 2432 En.
1998 2403 2006 2410 ·

1615 2461 1668 2511 8.
1691 2459 1976 2528 Amymone.
1993 2455 2112 2508 Una
2133 2471 2197 2506 ex
2213 2455 2380 2506 Danai
2399 2454 2557 2525 quin-

1531 2537 1780 2607 quaginta
1819 2536 2060 2597 filiabus‚
2087 2551 2207 2603 que
2231 2551 2260 2584 a
2297 2532 2558 2604 Neptuno

1529 2631 1826 2684 compressa
1849 2610 2138 2684 Nauplium
2163 2611 2389 2682 peperit.
2411 2613 2553 2665 Du..

1528 2723 1605 2736 --
1651 2695 1933 2762 Amymone.
1983 2690 2153 2743 Danai
2203 2689 2346 2754 filia,
2400 2693 2558 2763 cujus

1527 2773 1760 2826 fabulam
1778 2771 1904 2825 vide
1921 2767 2066 2842 apud
2087 2770 2384 2841 Hyginum,
2398 2789 2554 2826 num-

1526 2871 1702 2906 cnxxx.
1739 2853 1924 2905 Hiran.

1545 2973 1550 2978 -
1610 2951 1666 3000 9.
1685 2933 1760 2986 Et
1773 2949 1915 3004 quam
1934 2930 2030 2982 duo
2053 2931 2197 2982 relati
2217 2939 2388 2983 essent.
2409 2929 2550 2982 Mel*

1527 3024 1761 3066 catorent
1791 3008 1982 3080 puduit
2007 3010 2142 3064 tanti
2167 3009 2440 3064 aestimasse
2469 3008 2553 3061 vel

1527 3091 1749 3143 unicum
1791 3107 1804 3142 z
1849 3089 2020 3160 pretio
2067 3090 2370 3161 persoluto,
2416 3085 2554 3140 duos

1527 3167 1758 3240 emptori
1785 3168 1998 3222 obtulit.
2025 3169 2207 3222 Haut).

1616 3249 1870 3302 10.Male
1904 3249 2116 3300 lter-cules
2145 3257 2378 3299 curatum.
2409 3245 2556 3300 Male

1525 3327 1765 3398 profecto
1801 3328 2078 3411 provisum
2120 3343 2231 3380 esse
2275 3343 2306 3379 a
2351 3341 2553 3378 merea-

1526 3419 1660 3462 tore.
1689 3397 1869 3460 ΗΑιιι).

1612 3505 1635 3539 1
1652 3487 1938 3541 1.Gemmoe
1955 3487 2206 3555 dignitati.
2218 3485 2318 3540 Cui
2331 3501 2552 3554 gemme

1522 3583 1587 3618 ex
1637 3569 1836 3639 majore
1887 3565 2070 3636 pretio
2115 3569 2284 3635 maior
2327 3563 2556 3632 dignitas

1521 3648 1836 3700 accessisset.
1863 3645 2046 3699 Han.

1609 3746 1694 3780 η.
1734 3727 1912 3781 Omnes
1949 3727 2138 3778 musica
2169 3723 2310 3773 arcis.
2349 3719 2550 3773 Subin-

1466 3789 1475 3806 ⁸
1525 3805 1720 3876 tellige,
1737 3805 1918 3876 periti.
1943 3806 2033 3858 Sic
2053 3803 2144 3856 lib.
2161 3801 2288 3865 vll,
2311 3818 2426 3872 cap.
2451 3806 2544 3864 40:

1530 3909 1550 3930 ·
1577 3885 1947 3940 Grammatico
1971 3883 2097 3937 artis
2123 3879 2376 3951 Daphni,
2401 3879 2556 3934 Gna·-

1523 3962 1625 4029 tio‚
1653 3978 1758 4019 etc.
1787 3991 1808 4012 -
1841 3964 2029 4016 Han.
