2975 4684
478 456 609 527 152
1000 461 1077 529 C.
1132 459 1465 532 PLINII
1512 460 1730 531 NAT.
1779 458 2049 527 HIST.

470 588 607 658 sive
632 587 924 658 Suffetiae
948 592 1186 685 virgini
1198 593 1477 681 Vestali,
1507 606 1585 661 ut
1616 603 1974 686 poneretur
1999 587 2114 656 ubi
2141 583 2372 655 vellet:
2397 582 2576 679 quod

470 693 798 787 adjectum
836 718 971 764 non
1016 699 1233 767 minus
1286 699 1555 768 honoris
1601 697 1837 780 habet,
1882 718 2079 788 quam
2123 692 2378 761 feminae
2435 714 2578 758 esse

471 798 825 869 decretam.
863 803 1176 870 Meritum
1202 804 1341 897 ejus
1364 807 1433 873 in
1470 805 1626 898 ipsis
1657 826 1898 897 ponam
1931 797 2279 868 Annalium
2319 796 2534 864 verbis
2557 818 2580 860 τ

472 905 737 1022 fouod
772 928 1080 1000 campum
1105 909 1486 978 Tiberinum
1525 907 1886 1006 gratificata
1914 919 2086 974 esset
2123 926 2200 971 ea
2239 900 2506 997 populo.
2533 928 2572 964 ³>

465 1012 727 1116 Lssss.
766 1013 1040 1081 Invenio
1076 1027 1143 1082 et
1182 1015 1570 1108 Pythagorae
1590 1068 1610 1101 ‚
1653 1028 1720 1082 et
1760 1010 2112 1095 Alcibiadi,
2155 1011 2222 1076 in
2267 1005 2580 1077 cornibus

470 1118 720 1186 comitii
751 1119 1025 1210 positaS‚
1047 1144 1250 1211 quum
1282 1118 1455 1189 bello
1493 1116 1801 1188 Samniti¹
1851 1113 2086 1210 Apollo
2127 1114 2399 1207 Pythius
2425 1096 2575 1179 'for-

474 1222 729 1289 tissimo
786 1225 983 1315 graiae
1040 1226 1253 1317 gentis
1298 1226 1632 1317 jussisset,
1685 1237 1750 1293 et
1809 1220 1994 1290 alteri
2058 1218 2534 1313 sapientissimo
2557 1266 2580 1299 ‚

472 1325 818 1396 simulacra
844 1327 1087 1397 celebri
1112 1329 1258 1399 loco
1288 1330 1489 1399 dicari
1529 1354 1544 1399 :
1583 1352 1660 1396 ea
1683 1341 1917 1397 stetere
1943 1324 2155 1393 donec
2178 1321 2352 1417 Sylla
2379 1321 2580 1388 dicta-

250 1526 258 1535 ·
366 1440 375 1445 '
470 1445 577 1499 tor
610 1432 701 1499 ibi
732 1435 979 1502 curiam
1012 1434 1329 1504 faceret²t
1360 1438 1733 1528 mirumque
1763 1446 1896 1518 est,
1922 1429 2066 1499 illos
2089 1444 2306 1523 patres
2328 1426 2581 1495 Socrati

470 1539 725 1607 cunctis
761 1539 845 1606 ab
878 1539 1111 1608 eodem
1139 1540 1268 1610 deo
1286 1542 1600 1635 sapientia
1637 1522 1930 1633 praelato³
1960 1536 2398 1630 Pythagoram
2419 1554 2584 1625 prae-

432 1650 437 1655 ’
472 1641 731 1729 tulisse,
782 1658 898 1711 aut
936 1658 1038 1712 tot
1073 1642 1211 1714 aliis
1251 1648 1492 1713 virtute
1546 1642 1988 1729 Alcibiadem,
2030 1655 2146 1709 aut
2185 1659 2579 1733 quemquam

472 1734 789 1839 utroque⁴
806 1747 1249 1816 Themistocli.
1272 1749 1750 1817 Columnarum
1773 1750 1938 1816 ratio
1954 1760 2130 1830 erat,
2148 1742 2358 1813 attolli
2385 1764 2582 1835 supra

472 1865 741 1918 caeteros
782 1847 1091 1917 mortales
1138 1871 1155 1911 ε
1200 1852 1379 1943 quod
1421 1868 1492 1920 et
1531 1875 1723 1919 arcus
1777 1851 2150 1943 significant
2189 1849 2442 1917 novitio
2483 1848 2586 1915 in-

470 1966 689 2019 vento.
744 1952 997 2021 Primus
1048 1968 1267 2022 tamen
1330 1955 1544 2024 honos
1598 1944 1800 2047 coepit
1867 1978 1906 2021 a
1959 1952 2211 2020 Graecis
2243 1978 2258 2016 ε
2292 1950 2586 2042 nullique

470 2055 753 2123 arbitror
793 2054 1015 2149 plures
1060 2056 1305 2129 statuas
1334 2060 1622 2144 dicatas,
1655 2080 1853 2151 quam
1890 2055 2208 2125 Phalereo
2242 2055 2585 2123 Demetrio

467 2159 745 2229 Athenis
764 2148 806 2229 ⁵.
844 2164 1176 2255 Siquidem
1228 2188 1449 2235 cchx
1493 2178 1777 2233 statuere
1789 2148 1842 2249 ⁶,
1876 2160 2169 2231 nondum
2197 2182 2374 2227 anno
2397 2158 2588 2227 hunc

546 2345 671 2401 ΧΠ.
710 2368 755 2401 1.
776 2350 918 2403 Bello
936 2350 1156 2405 Samniti.
1167 2351 1331 2417 Quod
1356 2372 1477 2405 ann.
1570 2350 1790 2406 Athenis
1815 2368 1880 2420 pr
1928 2344 2230 2401 fecto.Vide
2267 2344 2585 2397 Strabonem

468 2426 539 2478 U.
566 2433 633 2491 41
650 2446 699 2491 1,
739 2428 1132 2501 Campanorum
1158 2444 1348 2503 rogatu
1376 2450 1484 2485 sue·
1566 2431 1707 2483 libro
1741 2430 1837 2481 lx.
1873 2366 2008 2480 flu..
2047 2455 2126 2467 —
2146 2424 2381 2489 Phalereo
2407 2423 2586 2473 Deme-

468 2522 655 2575 cepere
682 2508 930 2561 Romani.
964 2510 1049 2562 Illi
1081 2512 1222 2565 enim
1263 2530 1292 2563 a
1333 2512 1481 2565 Sam·
1571 2516 1682 2563 trio.
1723 2507 1944 2578 Egimus
1983 2504 2052 2559 de
2097 2522 2161 2557 eo
2206 2503 2262 2555 in
2302 2514 2586 2557 auctorum

468 2584 672 2637 nitibus
694 2585 817 2640 victi
831 2624 847 2650 ,
871 2588 1123 2642 Romanis
1152 2587 1479 2644 deditionem

468 2661 724 2716 fecerunt.
753 2666 936 2720 Hum.

555 2760 607 2795 a.
656 2744 740 2795 Ea
778 2756 948 2798 stetere
970 2787 986 2812 ,
1012 2748 1161 2800 donec
1212 2746 1355 2819 Sylla
1403 2748 1482 2799 di-

473 2832 633 2873 ctator
650 2823 719 2874 tha·
738 2828 1129 2893 curiamfaoeree.
1149 2828 1213 2877 In
1234 2838 1382 2897 parte
1402 2827 1485 2877 in·

472 2900 655 2955 teriori
675 2904 777 2956 fori
800 2906 1031 2970 romani,
1044 2906 1099 2959 in
1124 2905 1376 2957 cornibus
1397 2922 1484 2956 co·

470 2979 636 3039 initii,
662 2980 1031 3037 exedificatam
1062 3002 1089 3035 a
1112 2984 1254 3053 Sylla
1280 2982 1479 3036 curiam

470 3054 562 3109 hic
582 3059 727 3115 locus
746 3060 953 3116 edocet.
976 3064 1039 3115 In
1062 3063 1211 3116 libris
1232 3063 1481 3115 hactenus

470 3132 654 3201 editis,
683 3166 706 3187 ι
731 3140 925 3194 celebri
952 3142 1073 3195 loco
1091 3142 1289 3206 dicari,
1313 3140 1483 3194 donec

472 3212 648 3287 Sylla,
676 3230 776 3271 etc.
801 3246 823 3267 ι
858 3222 1055 3273 ceteris
1090 3221 1481 3291 manumissis,

472 3311 592 3363 quo
638 3313 737 3349 nos
783 3300 1102 3353 restituimus
1142 3319 1207 3352 ex
1251 3298 1483 3369 vestigiis

476 3370 671 3425 codicis
710 3377 837 3448 Reg.
882 3396 935 3443 ο,
978 3378 1033 3429 in
1076 3396 1183 3449 quo
1221 3377 1451 3430 vidimus
1467 3415 1482 3440 ,

483 3476 507 3499 ι
534 3450 695 3505 dicari
720 3474 780 3507 ea
806 3469 884 3509 est
918 3467 972 3509 et
1000 3454 1281 3509 etcredone
1314 3456 1483 3525 Sylla.

476 3542 577 3585 etc.
606 3556 628 3577 ι
662 3546 803 3587 certa
831 3535 987 3605 plane
1008 3533 1391 3588 emendatione.
1414 3534 1478 3585 Η.

560 3610 613 3663 3.
646 3610 839 3665 Socrati
873 3616 1051 3665 cunctis
1090 3612 1152 3663 ab
1191 3614 1350 3665 eodem
1398 3614 1487 3665 deo

477 3694 711 3761 sapientia
730 3694 953 3763 proelato.
988 3689 1131 3745 ‘Vide
1156 3710 1316 3763 supra
1340 3693 1451 3744 Vll
1468 3730 1484 3756 ,

477 3788 592 3841 cap.
630 3771 660 3824 3
676 3791 723 3826 1.
763 3772 938 3825 Hann.

562 3856 614 3910 4.
648 3852 757 3903 Aut
779 3870 1052 3923 quemquam
1083 3861 1294 3921 nemque.
1326 3850 1485 3902 Utra-

479 3942 582 3993 que
608 3929 779 3983 lnude.
811 3930 990 3985 Han.

563 4006 615 4056 5.
644 4010 803 4076 Quam
820 4010 1052 4062 Phalereo
1075 4010 1319 4061 Demetn'o
1336 4008 1485 4059 Athe-

486 4084 571 4133 m's.
606 4084 655 4136 A
680 4085 975 4142 Cassandro
994 4088 1343 4143 Macedonum
1364 4079 1487 4157 rege'

1569 2586 1771 2643 Indice.
1799 2586 1978 2638 Hnm.

1649 2675 1699 2719 6.
1749 2664 1994 2736 Siquidem
2041 2661 2283 2715 CCCLX
2325 2671 2588 2711 statuere...

1570 2766 1696 2798 anno
1733 2744 1858 2795 leuno
1891 2762 2020 2795 num.
2052 2742 2173 2793 dier.
2207 2738 2472 2791 excedente.
2506 2738 2583 2789 lu

1569 2827 1698 2894 Reg.
1735 2842 1762 2875 2
1780 2862 1797 2887 ,
1827 2822 1982 2895 (ξοην.
2022 2822 2052 2875 3
2073 2858 2090 2883 ,
2115 2836 2403 2889 omnesque
2437 2814 2583 2868 editi.

1572 2903 1746 2955 Varro
1775 2900 1920 2979 apud
1951 2898 2188 2953 Nonium
2217 2898 2295 2951 sic
2329 2896 2584 2966 scriptum

1567 2982 1820 3053 reliquit:
1882 3006 1904 3027 ι
1933 2978 2032 3031 Hic
2067 2977 2366 3030 Demetrius
2417 2990 2584 3027 tenens

1567 3074 1648 3114 tot
1673 3058 1818 3131 nptu’
1837 3070 1941 3123 est,
1966 3059 2114 3122 Quot
2139 3057 2280 3108 luces
2301 3072 2468 3107 annus
2491 3053 2584 3104 he·

1569 3139 1662 3192 bet
1684 3139 2002 3191 absolutus.»
2030 3132 2252 3187 Modum
2283 3134 2408 3185 anni
2433 3130 2587 3203 graeci

1571 3218 1736 3271 fuisse
1769 3230 1876 3269 tum
1917 3214 2170 3284 temporis
2205 3212 2412 3265 dierum
2439 3210 2587 3263 dum·

1571 3308 1716 3349 taxat
1745 3292 2007 3353 CCCLX,
2022 3304 2133 3344 tum
2164 3310 2227 3343 ex
2262 3291 2376 3353 his,
2401 3288 2592 3342 simili-

1573 3377 1777 3447 busque
1810 3372 2151 3435 testimouiie,
2183 3383 2299 3423 tum
2337 3387 2400 3421 ex
2429 3368 2584 3422 Cleo-

1573 3453 1687 3505 buli
1727 3452 2035 3522 enigmate,
2069 3447 2216 3522 quod
2253 3446 2396 3518 apud
2427 3449 2587 3499 Laer-

1575 3533 1707 3585 tium
1745 3543 1857 3596 est,
1893 3530 2068 3599 colligi
2114 3539 2304 3599 putant
2341 3523 2590 3578 nonnulli

1574 3624 1718 3665 recte
1766 3628 1962 3681 posse:
2007 3622 2085 3662 est
2131 3608 2276 3659 enim
2325 3600 2585 3674 ejusmodi

1573 3691 1739 3743 latine
1765 3688 2032 3743 redditum
2064 3704 2076 3739 :
2117 3712 2139 3733 -
2171 3686 2412 3737 Bis-enos
2437 3681 2586 3751 geni-

1576 3781 1663 3823 tor
1695 3782 1846 3822 natos
1887 3768 2044 3820 habet
2085 3784 2223 3817 unu·
2253 3784 2266 3813 :
2299 3774 2350 3813 nt
2389 3761 2584 3812 borum

1573 3850 1684 3901 Ter
1718 3860 1841 3901 sunt
1875 3847 2066 3917 cuique
2083 3842 2264 3897 decem
2301 3852 2454 3902 nato,
2494 3858 2587 3890 va-

1572 3926 1742 3980 riante
1767 3928 1952 3997 figura.
1977 3924 2190 3993 Quippe
2213 3921 2326 3973 aliis
2345 3920 2494 3971 color
2510 3930 2588 3969 est

1572 4006 1754 4069 albus,
1784 4006 1934 4074 niger
1961 4001 2162 4055 inditus
2191 4000 2292 4051 iuis
2319 4020 2332 4048 :
2359 4000 2586 4049 Immor-

1576 4086 1678 4138 tale
1717 4102 1884 4153 genus
1915 4098 2076 4152 quum
2117 4080 2252 4139 sint,
2283 4077 2592 4129 moriuntur
