2975 4684
454 431 655 503 38·

999 435 1079 502 C.
1131 435 1475 506 PLINII
1525 435 1737 504 NAT.
1786 433 2041 504 HIST.

387 593 415 625 2
453 565 819 635 rationibus
854 564 1170 635 dicuntur
1211 595 1227 635 ε
1275 569 1432 638 item
1473 565 1841 664 impendia,
1875 580 1944 635 et
1970 563 2365 660 dependere.
2398 563 2581 654 Quin

453 686 523 742 et
557 670 836 741 militum
871 673 1225 766 stipendia3
1261 675 1392 744 hoc
1422 689 1559 760 est,
1604 671 1856 770 stipis¹⁰
1884 671 2212 768 pondera,
2245 670 2580 767 dispensa·

453 775 714 866 tores¹¹,
769 777 1167 872 libripendes
1188 778 1235 804 ¹²
1287 781 1601 851 dicuntur
1652 806 1669 848 :
1712 803 1844 874 qua
1894 749 2581 848 consuetudine¹³¹—in
2636 829 2653 848 2

449 884 552 953 his
581 885 1063 978 emptionibus,
1104 910 1250 980 quae
1281 888 1595 982 mancipii
1636 871 1891 973 sunt¹⁴,
1932 887 2131 954 etiam
2190 908 2369 954 nunc
2416 883 2583 952 libra

446 1065 552 1106 tem
579 1050 868 1106 accedebat
885 1092 900 1118 ,
928 1053 1262 1126 impendium
1283 1056 1470 1128 appel·

445 1132 629 1186 iatum.
661 1157 686 1180 ι
723 1130 868 1186 Vide
903 1132 1309 1202 cassiodorum,
1335 1137 1466 1190 Ver.

445 1210 684 1276 lib.V11‚
708 1229 794 1284 ep.
823 1214 925 1278 3²,
951 1215 1106 1284 cujus
1127 1215 1322 1268 lemma
1345 1227 1424 1270 est
1451 1237 1464 1267 :

448 1291 740 1347 «Formula
760 1331 776 1356 ,
809 1311 914 1364 qua
947 1307 1161 1349 moneta
1183 1297 1470 1358 committi·

448 1382 552 1424 tur.
589 1395 613 1417 ι
643 1371 829 1426 Ηιιιι).

533 1468 618 1503 to.
647 1449 781 1520 Quin
801 1463 849 1502 et
869 1452 1072 1504 militnm
1099 1453 1470 1524 stipendiorum,

449 1529 537 1580 hoc
565 1542 640 1580 est
657 1534 797 1600 stipis
817 1532 1163 1602 ponder-ande.
1192 1532 1469 1605 Stipendia,

449 1627 560 1660 non
572 1611 912 1679 stipendiorum
924 1647 942 1674 ‚
959 1611 1016 1666 in
1033 1625 1246 1667 vetusto
1266 1615 1468 1667 codice.

449 1687 682 1743 Proinde
699 1691 896 1743 certior
915 1691 1072 1744 lectio
1089 1690 1218 1744 mihi
1239 1690 1468 1757 videtur,

452 1791 474 1812 ι
495 1769 640 1832 Quin
665 1780 717 1820 et
735 1770 962 1822 militum
989 1770 1281 1839 stipendia,
1297 1783 1350 1823 et
1377 1772 1470 1824 sti-

449 1847 534 1916 pis
577 1844 968 1915 ponderanda,
1007 1860 1110 1902 etc.
1143 1875 1164 1895 a
1209 1850 1471 1902 Pur.—

451 1927 565 1978 Ηοσ
605 1937 677 1975 est
695 1963 710 1988 ,
741 1929 896 1996 stipis.
931 1926 1208 1997 Stipendia
1261 1929 1468 1990 innuit,

451 2005 600 2075 quasi
635 2004 785 2074 stipis
822 2004 1094 2076 pondera,
1137 2023 1250 2059 esse
1290 2008 1471 2079 appel-

455 2084 576 2138 lata.
596 2084 772 2136 Varro
787 2121 804 2149 ,
844 2083 914 2139 de
939 2085 1092 2156 Ling.
1115 2088 1234 2138 Lat.
1253 2087 1346 2139 lib.
1369 2089 1471 2154 IV,

453 2182 577 2233 pag.
609 2170 679 2225 4²
715 2184 726 2214 :
757 2185 779 2208 ι
806 2163 1140 2235 Stipendium
1165 2184 1196 2218 a
1219 2166 1360 2236 stipe
1391 2164 1475 2220 di-

454 2255 596 2296 ctum
627 2255 733 2308 est,
767 2241 920 2314 quod
945 2262 1013 2298 ωε
1039 2263 1256 2317 quoque
1281 2247 1474 2317 stipem

453 2320 720 2377 dicebant.
761 2324 900 2378 Nam
943 2322 1090 2395 quod
1135 2343 1273 2378 asses
1325 2325 1475 2382 libro

455 2401 640 2472 pondo
665 2417 814 2458 erant
830 2445 846 2468 ,
881 2406 974 2476 qui
1009 2417 1324 2476 acceperant
1361 2423 1474 2459 ma·

453 2484 624 2550 jorem
657 2501 968 2547 numerum,
995 2503 1106 2537 non
1141 2483 1198 2535 in
1227 2503 1349 2539 arca
1375 2504 1472 2556 po·

457 2561 689 2627 nebant,
733 2561 826 2614 sed
867 2563 924 2615 in
949 2564 1124 2635 aliqua
1154 2563 1285 2617 celia
1319 2566 1476 2636 stipa-

454 2639 614 2705 bant,
656 2639 714 2693 id
765 2655 872 2706 est,
914 2644 1329 2715 componebant,
1367 2663 1477 2716 quo

459 2719 636 2772 minus
669 2719 772 2774 loci
815 2737 1139 2793 occuparet:
1177 2741 1208 2776 a
1231 2723 1477 2796 stipando

457 2797 646 2869 stipem
665 2798 844 2854 dicere
867 2815 1194 2873 coeperunt.·
1221 2802 1476 2856 Codicem

457 2878 588 2948 Reg.
633 2899 660 2932 a
703 2881 868 2934 secuti
905 2900 1088 2936 sumus
1125 2902 1138 2932 ε
1199 2883 1352 2953 prius
1391 2883 1479 2936 hic

456 2958 731 3027 legebatur
761 2978 775 3013 :
817 2987 840 3010 ι
867 2961 1014 3025 Quin
1047 2973 1097 3016 et
1131 2961 1365 3016 militum
1387 2963 1480 3016 sti-

458 3037 778 3106 pendiorum
795 3078 811 3105 ,
842 3041 948 3094 hoc
977 3052 1074 3106 est,
1100 3041 1255 3112 stipis
1273 3039 1480 3112 ponde-

457 3115 637 3170 randae
687 3131 1022 3188 pensatores,
1073 3133 1176 3172 etc.
1207 3147 1228 3167 a
1275 3125 1345 3174 At
1387 3123 1482 3192 qui

461 3213 700 3266 unquam
715 3215 938 3270 usquam
957 3212 1260 3272 pensatores
1275 3199 1442 3254 auditi
1459 3207 1483 3252 Ρ

459 3274 639 3329 Hann-

547 3373 569 3406 1
587 3372 630 3406 ι.
655 3357 1041 3426 De'spensatores.
1061 3359 1244 3414 Festus
1267 3377 1282 3412 :
1313 3383 1336 3404 ι
1365 3360 1484 3412 Dis-

461 3447 768 3504 pensatores
794 3435 924 3492 dicti
945 3451 1095 3504 sunt,
1124 3440 1218 3510 qui
1251 3455 1320 3490 εει
1349 3457 1482 3508 pen-

459 3528 628 3568 ssntes
654 3515 1052 3585 expendebant,
1082 3537 1190 3570 non
1222 3536 1480 3570 annume-

461 3594 664 3649 rabant.
691 3595 829 3649 Hinc
851 3595 1191 3650 deducuntur
1219 3614 1478 3666 expense,

365 3695 372 3704 ·
459 3674 571 3728 sive
603 3674 932 3747 dispensata,
979 3676 1058 3729 vel
1097 3687 1474 3748 compensata:
1508 3717 1519 3729 .

459 3755 590 3808 item
637 3754 1014 3826 compendium
1030 3795 1046 3820 ,
1097 3753 1435 3826 dispendium
1457 3795 1473 3820 ,

459 3833 818 3903 assipondium
837 3874 854 3899 ,
869 3833 1224 3906 dupondium.
1236 3860 1259 3882 ι
1281 3835 1477 3889 Inscri-

457 3911 574 3980 ptio
597 3927 748 3968 vetus
767 3913 912 3986 apud
923 3914 1312 3986 Reinesium,p.
1341 3917 1474 3982 586,

459 4007 583 4044 Ανο.
600 4009 988 4050 marana-ron.
1015 4013 1102 4048 sn.
1124 4013 1333 4050 cunsvs.
1351 4013 1478 4048 rno-

457 4089 696 4126 vutctse.
721 4093 1115 4130 nvcnvnnnsts.
1135 4077 1351 4146 Augusti
1375 4076 1476 4128 dis·

1552 1067 1785 1128 pensator
1807 1053 1879 1108 cd
1901 1073 2067 1108 census
2088 1075 2231 1126 prov·
2266 1067 2369 1108 etc.
2396 1054 2581 1107 Hann.

1646 1153 1736 1190 η.
1766 1135 2095 1206 Libe-spantia.
2136 1134 2339 1188 Grecis
2376 1133 2585 1204 ζυγοςῶ-

1558 1235 1677 1281 ται,
1718 1227 1777 1269 ut
1810 1215 1869 1268 in
1902 1215 2087 1286 glossis
2120 1213 2425 1286 exponitur,
2458 1213 2583 1286 quia

1556 1313 1751 1366 nempe
1792 1297 1919 1366 ζυγῷ
1962 1296 2099 1355 icius
2114 1333 2130 1360 ,
2174 1295 2279 1346 hoc
2316 1305 2419 1357 est,
2458 1292 2584 1345 libre

1552 1375 1787 1446 pendunt.
1826 1375 2124 1428 Priscianus
2161 1385 2399 1426 extremo
2440 1372 2584 1424 libro

1561 1467 1707 1508 sexto
1734 1474 1801 1506 ex
1832 1454 1951 1508 Caii
1972 1455 2153 1524 primo
2180 1452 2585 1506 Institutionum

1518 1559 1531 1576 ·
1560 1533 1722 1598 citat,
1752 1534 1899 1599 «Qui
1923 1533 2116 1586 libram
2148 1548 2345 1585 anesin
2378 1542 2584 1596 teneat,

1564 1613 1659 1684 qui
1682 1613 1989 1684 appellatur
2012 1611 2289 1682 libripens.
2316 1635 2341 1658 ι
2377 1609 2555 1664 nnn.

1650 1709 1673 1744 1
1688 1693 1741 1746 3.
1770 1693 1886 1760 Qua
1914 1691 2265 1745 consuetudine.
2294 1687 2584 1744 amardus

1562 1787 1678 1840 cap.
1712 1775 1779 1824 ιδ
1804 1772 2130 1841 inLeg.XII
2148 1769 2339 1824 Tabul.
2356 1769 2587 1824 Brisson.

1562 1850 1663 1902 lib.
1688 1849 1745 1910 1.
1773 1869 1889 1920 cap.
1912 1868 1965 1918 7.
1994 1851 2132 1902 Du..

1652 1945 1673 1979 ι
1688 1934 1741 1990 4.
1780 1927 1907 1996 Quoe
1941 1931 2170 1997 mancipii
2204 1940 2335 1980 sunt.
2372 1927 2587 1990 Quibus

1572 2033 1595 2055 ι
1622 2005 1883 2077 legitime,
1918 2025 1978 2060 ac
2012 2005 2239 2058 solemni
2280 2006 2390 2060 ritu
2430 2007 2587 2060 nobis

1564 2105 1649 2138 res
1676 2086 2039 2157 mancipatur,
2060 2084 2323 2139 asseritur.
2356 2111 2379 2132 ι
2408 2084 2479 2138 Β.
2508 2113 2587 2128 --

1569 2166 1698 2233 Qua
1740 2169 1985 2236 mancipii.
2023 2166 2089 2217 In
2134 2155 2283 2216 omni
2322 2163 2587 2218 solutione

1565 2245 1841 2316 pecuniae,
1868 2265 1987 2317 quae
2022 2243 2241 2318 quidem
2272 2244 2379 2298 ritu
2404 2243 2586 2308 Quiri·

1564 2324 1701 2378 tium
1726 2325 1897 2392 fleret,
1916 2343 1979 2378 ac
2001 2324 2289 2395 prasertim
2314 2323 2371 2376 in
2388 2325 2589 2377 manci·

1564 2405 1783 2476 petione
1800 2443 1819 2470 ,
1884 2403 2237 2458 adhibebatur
2296 2403 2552 2475 libripens
2568 2441 2585 2467 ,

1567 2484 1663 2555 qui
1708 2503 1809 2537 nra
1858 2483 2146 2556 penderet,
2186 2501 2307 2536 cum
2350 2483 2588 2556 quinque

1568 2563 1787 2618 testibus
1820 2582 1835 2618 ε
1888 2581 2054 2636 esque
2103 2564 2333 2616 formula
2385 2575 2589 2617 retenta

1568 2655 1647 2696 est
1660 2681 1676 2707 ‚
1696 2644 1858 2696 etiam
1871 2661 1929 2696 re
1948 2656 2142 2696 mutata
2159 2682 2174 2707 ,
2190 2642 2295 2695 hoc
2308 2655 2387 2696 est
2398 2680 2414 2707 ‚
2430 2642 2589 2696 etism

1570 2735 1683 2776 tum
1714 2741 1881 2795 quum
1916 2741 2025 2776 non
2048 2721 2461 2794 appenderetur,
2492 2721 2588 2776 sed

1570 2814 1945 2856 numeraretur
1981 2802 2223 2874 pecunia.
2246 2803 2421 2868 Quam
2463 2821 2590 2856 con-

1570 2881 1899 2936 suetudinem
1922 2883 2135 2937 Boetius
2153 2883 2213 2935 in
2225 2881 2426 2954 Topica
2444 2883 2593 2936 Cice-

1571 2963 1746 3027 ronis,
1786 2981 1849 3016 ex
1882 2962 1980 3016 lib.
2020 2965 2048 3014 1
2078 2961 2307 3014 Institut.
2346 2961 2493 3027 Caii,
2520 2959 2591 3014 de

1570 3059 1713 3094 nexu
1728 3040 1975 3097 faciendo
1990 3081 2007 3108 ,
2024 3041 2107 3094 his
2122 3039 2299 3094 verbis
2316 3040 2557 3110 exposuit
2572 3057 2588 3092 ε

1578 3147 1601 3169 ι
1626 3123 1680 3172 Is
1718 3123 1810 3192 qui
1844 3121 2113 3190 mancipio
2151 3117 2375 3188 accipit,
2412 3137 2479 3170 tes
2512 3131 2591 3172 te·-

1571 3218 1703 3253 nens
1732 3201 1805 3255 ita
1831 3199 1965 3252 dicit
1986 3221 1997 3249 ε
2022 3199 2178 3250 Hunc
2194 3215 2293 3266 ego
2314 3197 2591 3250 bominem

1572 3297 1635 3332 ex
1656 3281 1777 3350 jure
1798 3277 2087 3344 Quiritium
2116 3295 2295 3330 meum
2329 3295 2439 3330 esse
2468 3275 2590 3330 aio:

1570 3359 1723 3428 isque
1772 3357 1905 3410 mihi
1957 3368 2164 3427 emptus
2208 3369 2287 3409 est
2328 3356 2433 3410 hoc
2486 3373 2593 3410 aare

1572 3454 1821 3508 aeneaque
1840 3437 1995 3489 libra.
2027 3435 2234 3489 Deinde
2263 3451 2367 3489 ore
2392 3453 2588 3508 percu·

1572 3515 1637 3568 ti't
1658 3515 1847 3570 libram
1862 3553 1879 3579 ,
1908 3513 2141 3586 indeque
2162 3533 2231 3568 α
2252 3513 2345 3568 dat
2365 3516 2415 3568 ei
2436 3535 2465 3568 e
2484 3533 2593 3586 quo

1570 3596 1855 3667 mancipit,
1878 3594 2029 3668 quasi
2055 3595 2211 3666 pretii
2242 3595 2380 3650 loco.
2399 3621 2422 3643 ·
2450 3596 2591 3650 Hinc

1566 3673 1703 3730 illud
1753 3676 1997 3739 Horatii,
2046 3701 2069 3723 ι
2096 3673 2153 3728 si
2187 3675 2467 3748 proprium
2514 3687 2601 3728 est·

1565 3755 1715 3825 quod
1747 3755 1869 3827 quis
1893 3755 2027 3809 libra
2054 3768 2322 3809 mercatur
2337 3794 2353 3821 ,
2376 3768 2430 3809 et
2450 3773 2555 3808 atre
2572 3793 2589 3819 ,

1565 3833 1825 3899 Quaedam
1840 3875 1857 3898 ‚
1883 3837 1927 3889 si
1946 3832 2117 3888 credis
2142 3835 2399 3887 consultis
2415 3872 2432 3900 ,
2449 3853 2595 3888 mun-

1566 3914 1709 3985 cipat
1728 3934 1905 3970 usum·
1936 3912 2105 3986 Apud
2130 3913 2455 3968 Scholinsten
2479 3913 2588 3966 Ho-

1566 3995 1691 4048 ratii
1728 3983 1837 4061 est',
1882 4023 1905 4044 ι
1935 3995 2096 4048 Libra
2138 4007 2191 4047 et
2228 4011 2333 4048 atre
2375 4011 2595 4068 compa·

1568 4091 1702 4130 mre.
1740 4101 1761 4124 u
1796 4072 1977 4128 Hem).
