2975 4684
1048 339 1348 407 LIBER
1396 340 1799 417 XXXVII.

2337 337 2473 411 583

373 496 501 567 qua
529 475 784 542 vomica
805 528 822 559 ‚
862 471 1166 567 praeduro
1198 469 1547 565 fragilique
1586 469 1887 539 centn-0⁹:
1925 470 2079 539 item
2117 468 2250 540 sale
2267 470 2315 496 '⁰
2355 496 2473 568 ap-

373 577 634 673 pellato,
673 580 792 648 Est
822 592 890 649 et.
925 576 1071 646 rufa
1103 574 1426 671 aliquibus
1451 576 1687 671 rubigo
1716 602 1731 645 :
1770 576 1909 645 aliis
1942 575 2472 669 capillamentum

371 686 550 753 rimae
589 684 813 754 simile.
866 688 1014 752 Hoc
1054 682 1334 751 artifices
1373 680 1675 751 caelatura
1712 680 2066 751 occultant.
2106 683 2274 771 Quae
2316 708 2473 753 vero

371 791 508 859 sine
535 790 697 859 vitio
725 804 910 870 sunt,
947 812 1144 883 puras
1169 810 1310 856 esse
1337 787 1625 870 malunt,
1644 785 2000 855 acenteta¹¹
2028 788 2467 883 appellantes:

371 918 492 963 nec
532 920 778 989 spumae
815 891 1118 979 colore¹²,
1161 892 1278 961 sed
1312 891 1597 986 limpidae
1628 916 1832 986 aquae.
1875 894 2211 962 Postremo
2245 909 2473 963 aucto-

371 1002 524 1069 ritas
554 1002 620 1068 in
660 1000 950 1095 pondere
985 1013 1100 1068 est.
1137 1000 1412 1067 Invenio
1447 982 1835 1082 medic0s¹³,
1872 1020 2017 1089 quae
2049 1012 2201 1067 sunt
2225 1000 2471 1070 urenda
2513 1036 2538 1067 2

369 1128 756 1200 corporum,
801 1130 936 1175 non
971 1102 1158 1172 aliter
1193 1103 1412 1173 utilius
1461 1103 1530 1172 id
1578 1102 1715 1172 fieri
1758 1117 1991 1197 putare
2012 1156 2031 1189 ,
2071 1127 2269 1198 quam
2320 1130 2473 1200 cry-

370 1210 626 1279 stallina
665 1210 800 1305 pila
853 1210 1140 1279 adversis
1185 1212 1396 1303 posita
1435 1208 1588 1278 solis
1632 1209 1845 1278 radiis.
1889 1207 2071 1277 Alius
2118 1209 2227 1278 hic
2270 1210 2475 1295 furor,

370 1318 541 1383 H-s.
572 1338 658 1385 cl.
693 1302 816 1385 Μ14
841 1314 1104 1383 trullam
1134 1337 1333 1383 unam
1351 1300 1398 1339 ¹⁵
1439 1339 1575 1383 non
1597 1328 1748 1382 ante
1788 1312 2027 1383 multos
2068 1338 2275 1382 annos
2308 1340 2473 1384 mer-

369 1434 584 1489 catam
611 1444 650 1487 a
669 1434 878 1488 matre
901 1418 1174 1487 familias
1191 1471 1210 1504 ‚
1229 1443 1350 1487 nec
1374 1419 1596 1489 divite.
1625 1419 1809 1489 Idem
1832 1404 2067 1489 Ner0¹⁶
2095 1421 2475 1489 amissarum

371 1548 594 1593 rerum
613 1526 857 1593 nuncio
877 1538 1174 1618 accept0,
1185 1523 1350 1593 duos
1373 1524 1625 1618 calyces
1645 1522 2051 1618 crystallinos
2082 1526 2150 1593 in
2176 1550 2481 1618 suprema

375 1631 466 1697 ira
504 1629 695 1725 fregit
725 1624 944 1699 illisos.
990 1632 1146 1697 Haec
1186 1628 1307 1697 fuit
1342 1631 1509 1698 ratio
1542 1629 1851 1699 saeculum
1882 1654 2074 1699 suum
2105 1632 2435 1724 punientis
2461 1683 2479 1710 ‚

371 1759 454 1803 ne
475 1735 620 1828 quis
647 1733 810 1803 alius
831 1760 912 1804 ex
938 1735 1042 1803 his
1073 1735 1342 1804 biberet.
1375 1738 1765 1831 Fragmenta
1802 1736 2025 1805 sarciri
2062 1733 2243 1803 nullo
2280 1736 2480 1804 modo

371 1904 610 1956 Alterum
638 1902 814 1973 priore
853 1900 993 1954 haud
1025 1902 1243 1955 inferius
1271 1903 1380 1955 ele·

367 1982 573 2053 gantis,
605 1980 894 2034 istiusmodi
938 2002 950 2031 :
991 1982 1104 2033 Εἰπ·
1137 1982 1225 2051 ἄγε
1255 2002 1338 2049 μοι
1361 2021 1377 2046 ,

357 2062 599 2131 ‘nectant
618 2099 633 2123 ,
657 2060 770 2129 λίθῳ
811 2062 1186 2130 πιπυκασμένον
1218 2054 1376 2131 ὕδωρ,

369 2140 454 2201 Τίς
477 2140 648 2202 πῆξινς
675 2139 1010 2211 &pinea-ilfi<
1025 2140 1184 2201 ἔλυσας
1198 2138 1375 2200 Νότος.

377 2244 400 2265 «
439 2218 573 2282 Dic,
618 2236 752 2288 aqua
799 2218 896 2269 sub
935 2216 1128 2289 lapidis
1171 2218 1378 2289 glaciali

372 2297 596 2366 tegmine
613 2332 630 2361 ‚
659 2308 840 2369 quotu
859 2297 1148 2365 Compacta
1171 2296 1381 2349 es?Bo-

371 2394 482 2439 κη
515 2393 624 2445 quo
647 2373 911 2427 resoluta?
938 2375 1095 2427 Noto.
1127 2400 1149 2421 ι
1188 2376 1255 2428 Η.

451 2472 504 2521 9.
555 2452 748 2507 Cemm.
803 2452 948 2517 Quid
997 2464 1238 2506 centrum
1269 2453 1338 2506 sit
1359 2493 1374 2516 ,

372 2532 602 2585 diximus
629 2534 722 2585 lib.
757 2532 920 2597 xvl,
949 2550 1066 2603 cap.
1098 2535 1190 2600 76.
1218 2532 1286 2584 Η.

455 2632 540 2667 ιο.
557 2613 678 2665 Item
701 2612 819 2663 sale.
848 2612 1202 2664 verrucarum
1221 2612 1382 2663 insuu-

372 2708 478 2742 non
519 2690 901 2753 eminentium,
949 2691 1138 2743 vitium
1171 2687 1226 2741 id
1266 2707 1380 2742 esse

373 2786 480 2819 uon
511 2768 568 2820 in
606 2768 859 2839 crystallis
891 2768 1082 2827 modo,
1123 2767 1214 2819 scd
1242 2780 1294 2819 et
1322 2768 1379 2820 in

375 2846 660 2899 mun-thinis
683 2846 992 2915 intelligitur
1017 2864 1082 2897 ex
1109 2845 1192 2897 his
1221 2846 1379 2898 Plinii

375 2924 576 2987 verbis,
603 2942 718 2994 cap.
747 2928 778 2978 8
812 2943 826 2974 ε
851 2946 874 2967 ι
893 2924 1182 2978 Murrhiuis
1209 2936 1380 2979 trans·

373 3005 548 3057 lucere
573 3001 858 3073 quidquam
876 3042 892 3067 ,
917 3017 1010 3057 aut
1039 3003 1270 3073 pallere,
1296 3004 1377 3056 vi-

375 3082 508 3135 tium
523 3094 620 3135 est.
637 3082 770 3135 Item
783 3082 912 3135 sales
921 3100 1260 3153 verrucnque
1267 3102 1376 3135 non

373 3163 687 3227 eminentes,
711 3159 804 3213 sed
827 3162 957 3213 utin
979 3180 1200 3233 corpore
1219 3162 1378 3216 etiam

373 3242 682 3313 plerumque
715 3238 934 3293 sessiles.
967 3266 990 3287 a·
1017 3242 1196 3295 Hsun.

455 3338 478 3374 1
497 3340 518 3373 1
533 3358 546 3373 .
561 3320 812 3372 Acenteea.
837 3310 1122 3385 Axima,
1145 3320 1256 3373 sine
1277 3338 1378 3373 cm·

373 3400 535 3453 latura
549 3438 568 3464 ‚
591 3396 660 3453 de
671 3416 772 3469 qua
789 3396 988 3453 dictum
1010 3412 1086 3451 est
1102 3400 1371 3470 proxime:

371 3480 478 3533 sive
515 3496 632 3551 qum
673 3477 863 3547 scalpri
911 3490 1224 3549 puncturam
1267 3496 1375 3531 non

373 3572 661 3611 senserunt.
717 3558 1032 3630 Asymeloeeam
1083 3558 1210 3627 legit
1269 3558 1376 3611 hoc

373 3636 490 3689 lodo
524 3638 602 3690 vir
627 3635 820 3690 doctus
845 3637 918 3689 ‘in
953 3636 1166 3707 primis,
1211 3636 1376 3689 infor-

379 3732 616 3785 memque
665 3717 965 3787 crystnllum
1005 3716 1380 3785 interpretatus

375 3806 478 3856 est,
516 3796 666 3849 Notis
711 3796 766 3849 in
810 3792 1046 3848 Alexiad.
1093 3813 1210 3866 pag.
1247 3814 1376 3865 ²79·

359 3872 486 3923 ‘Nos
513 3892 540 3924 a
567 3874 716 3929 MSS.
737 3893 844 3928 non
871 3872 1208 3928 discedimus.
1233 3875 1380 3926 11..-

377 3950 536 4005 Paulo
577 3968 696 4009 ante
729 3976 878 4026 puras
915 3974 1014 4007 esse
1049 3954 1266 4017 malum,-
1308 3954 1380 4006 sic

1468 1903 1708 1956 Gronov.
1750 1916 1801 1955 et
1841 1905 1921 1955 ΑΙ.
1960 1922 2089 1971 pura
2124 1904 2331 1956 Broter.
2374 1904 2477 1956 En.

1554 2002 1645 2035 ra.
1680 1984 1787 2036 Nec
1827 2000 2007 2051 spumoe
2035 1983 2209 2033 colore.
2236 1981 2477 2044 Solinus,

1463 2078 1579 2131 cap.
1610 2079 1711 2125 κν,
1752 2078 1869 2132 pag.
1898 2060 1969 2113 36
1995 2080 2009 2111 τ
2048 2086 2069 2107 ι
2101 2060 2213 2125 Qui
2238 2059 2443 2130 eligunt
2463 2100 2478 2124 ,

1461 2140 1799 2210 purissimum
1833 2150 2087 2210 captant:
2114 2156 2184 2191 ne
2215 2139 2343 2209 quid
2385 2158 2478 2192 ru·

1461 2219 1573 2272 fum
1593 2257 1609 2283 ,
1636 2236 1705 2271 ne
1720 2218 1852 2289 quid
1872 2210 2115 2271 nubilum
2135 2256 2151 2281 ‚
2178 2218 2263 2269 vel
2278 2219 2487 2289 spumis

1461 2298 1723 2363 obsitum,
1756 2310 1931 2351 arceat
1973 2297 2416 2367 perspicuitatem.
2446 2322 2471 2343 ι

1461 2378 1615 2428 Prius
1641 2377 1941 2447 legebatur,
1978 2402 2001 2423 ι
2028 2394 2129 2427 nec
2154 2375 2358 2446 spumei
2379 2394 2477 2428 co-

1461 2454 1587 2507 loris
1608 2451 1843 2523 limpido
1858 2471 2025 2527 aqum.
2061 2480 2085 2503 a
2114 2454 2294 2507 Hnu).

1550 2534 1637 2585 13.
1687 2534 1877 2585 Invenio
1919 2532 2135 2585 modim.
2181 2530 2323 2585 Vide
2360 2550 2477 2604 qun

1463 2609 1697 2663 diximus
1742 2610 1835 2663 lib.
1882 2612 2151 2675 xxxvl,
2208 2629 2325 2682 cap.
2374 2615 2473 2682 67.

1465 2690 1759 2760 Expertum
1787 2688 1845 2741 id
1874 2708 1903 2743 a
1930 2709 1983 2743 se
2011 2691 2233 2743 feliciter
2259 2702 2475 2744 testatur

1463 2766 1797 2824 Matthiolus,
1840 2766 1894 2818 in
1925 2768 2102 2820 Diosc.
2132 2768 2229 2819 lib.
2251 2770 2325 2831 V,
2358 2787 2472 2839 cap.

1469 2850 1574 2899 116
1594 2884 1609 2909 ‚
1648 2864 1771 2916 pag.
1798 2846 1963 2901 1388.
1996 2846 2175 2899 Hanni

1547 2930 1635 2987 ¹4·
1656 2924 1795 2977 H·S.
1822 2925 1909 2977 CL
1935 2925 2007 2977 M.
2031 2924 2334 2977 Sestertium
2355 2942 2479 2978 cen·

1463 3018 1577 3057 tum
1614 3004 1996 3074 quinquaginta
2026 3003 2217 3066 millia,
2252 3016 2475 3057 moneto

1459 3083 1657 3154 gallico
1678 3095 1798 3135 suut
1823 3082 1970 3135 librae
1995 3100 2225 3152 ²92¹79·
2250 3082 2355 3136 En.

1546 3180 1568 3215 1
1584 3160 1632 3215 5.
1672 3162 1885 3213 Trullam
1900 3182 2055 3215 unam.
2070 3162 2441 3234 crystallinam
2464 3184 2475 3213 ε

1461 3261 1525 3293 un
1552 3241 1711 3293 bassin
1739 3240 1799 3292 de
1826 3242 2007 3293 cristae.
2044 3240 2111 3296 H.
2139 3273 2219 3285 —
2253 3242 2473 3293 Tmllam

1461 3322 1606 3373 Brot.
1644 3320 2046 3391 interpretatur,
2082 3340 2172 3375 une
2198 3340 2371 3391 ocupa,
2416 3332 2473 3371 ut

1463 3398 1641 3453 videre
1662 3412 1739 3452 est
1765 3398 1908 3469 apud
1937 3400 2273 3463 Iuvenalem,
2298 3398 2471 3468 satyr.

1457 3480 1571 3543 111,
1604 3498 1651 3531 v.
1681 3480 1798 3532 108.
1834 3481 1935 3533 En.

1548 3562 1632 3611 16.
1678 3558 1805 3611 Idem
1848 3560 1993 3612 Nem.
2039 3554 2385 3626 Tranquillus
2418 3554 2475 3605 in

1459 3638 1705 3700 Nerone,
1732 3656 1849 3707 cap.
1894 3653 2044 3689 xavn
2093 3654 2109 3689 z
2155 3660 2177 3681 ι
2222 3626 2475 3686 Nuntiata

1461 3717 1673 3769 interim
1706 3714 2003 3768 defectione
2044 3752 2057 3765 .
2076 3752 2089 3764 .
2111 3750 2125 3763 .
2144 3752 2157 3764 .
2199 3710 2333 3763 duos
2366 3730 2479 3785 scy-

1465 3795 1597 3867 phos
1612 3836 1627 3861 ‚
1650 3793 1930 3866 gratissimi
1956 3808 2105 3853 usus,
2132 3808 2265 3861 quos
2288 3790 2480 3843 Home·

1466 3876 1632 3938 ticos,
1646 3894 1673 3927 a
1695 3872 1935 3927 colatura
1950 3870 2243 3921 carminum
2262 3870 2477 3923 Homeri

1471 3954 1722 4013 vocabat,
1756 3950 1867 4003 solo
1898 3948 2043 4002 illisit
2066 3988 2078 4009 ,
2134 3960 2233 4003 etc.
2268 3977 2288 3996 .
2326 3948 2391 4002 Η,

2097 4044 2221 4150 37⁴
