2975 4684
1090 419 1395 486 LIBER
1452 421 1831 488 XXXIII.
2443 425 2520 498 15

372 552 705 622 libertino
744 541 935 646 patre‘
964 552 1253 644 genitus,
1294 565 1361 618 et
1396 551 1536 644 ipse
1579 555 1770 646 Appii
1806 539 2008 623 Caeci⁵
2045 556 2296 642 scriba,
2341 562 2522 652 cujus

398 658 669 728 hortatu
710 671 1060 750 exceperat
1111 681 1225 725 eos
1274 655 1444 733 dies,
1509 655 1944 728 consultando
1993 660 2252 731 assidue
2307 670 2522 759 sagaci

398 765 693 860 ingenie,
730 752 1477 858 promulgaveratque),
1544 778 1620 832 ut
1658 763 1860 834 aedilis
1901 765 2146 836 curulis
2187 786 2526 840 crearetur

398 871 678 959 cum·Q.
724 871 955 938 Anicio
1005 870 1435 953 Praenestino,
1476 871 1592 964 qui
1636 872 1862 964 paucis
1901 887 2054 941 ante
2095 877 2281 944 annis
2313 875 2525 948 hostis

400 975 625 1046 fuisset
640 961 689 1059 ⁶,
719 975 1061 1069 praeteritis
1102 979 1174 1045 C.
1210 973 1481 1044 Poetelio
1515 989 1584 1044 et
1609 977 1908 1046 Domitio
1928 1031 1947 1062 ‚
1981 1003 2264 1072 quorum
2305 997 2524 1076 patres

394 1081 732 1151 consules⁷
770 1080 1391 1150 fuerant.Additum‘
1417 1078 1646 1150 Flavio
1662 1068 1709 1168 ⁸,
1747 1098 1820 1152 ut
1858 1085 2052 1153 simul
2097 1101 2164 1154 et
2209 1087 2512 1160 tribunus
2555 1129 2583 1162 ιι

392 1187 603 1281 plebis
634 1202 819 1257 esset.
853 1189 1008 1276 Quo
1048 1186 1223 1256 facto
1257 1199 1442 1256 tanta
1476 1174 1742 1256 senatus
1777 1185 2224 1284 indignatione
2257 1197 2521 1281 exarsit,

394 1307 468 1362 ut
502 1293 733 1364 anulos
766 1291 851 1361 ab
874 1319 955 1362 eo
993 1291 1323 1386 abjectos⁹
1346 1292 1546 1362 fuisse
1569 1295 1634 1360 in
1662 1296 2126 1389 antiquissimis
2153 1302 2521 1392 reperiatur

391 1399 753 1469 annalibus.
800 1397 990 1468 Fallit
1032 1396 1419 1492 plerosque,
1474 1398 1654 1492 quod
1697 1414 1842 1468 tum
1888 1415 1954 1468 et
1998 1418 2368 1495 equestrem
2407 1431 2521 1475 or·

388 1505 609 1575 dinem
626 1505 691 1574 id
708 1506 939 1574 fecisse
958 1504 1381 1572 arbitrantur.
1396 1504 1660 1571 Etenim
1677 1503 2004 1596 adjectum
2027 1506 2157 1575 hoc
2170 1532 2432 1604 quoque
2447 1510 2519 1594 ¹⁰,

371 1643 430 1689 ,α
460 1611 573 1680 sed
601 1626 667 1680 et
700 1607 973 1704 phalera
1006 1611 1254 1701 posita,
1284 1637 1317 1672 >a
1370 1607 1912 1702 proptereaque¹¹
1951 1635 2194 1681 nomen
2226 1619 2518 1710 equitum

388 1716 723 1806 adjectum
778 1727 899 1782 est.
952 1710 1197 1780 Anulos
1242 1737 1506 1806 quoque
1555 1712 1890 1806 depositos
1939 1741 1978 1784 a
2025 1715 2396 1808 nobilitate,
2451 1725 2520 1792 in

388 1819 680 1890 Annales
699 1818 975 1887 relatum
1016 1831 1152 1902 est,
1186 1841 1319 1884 non
1352 1841 1391 1886 a
1430 1833 1659 1887 senatu
1682 1817 1726 1844 '²
1765 1823 2092 1892 universe.
2123 1828 2272 1896 Hoc
2293 1843 2514 1898 actum
2554 1845 2586 1897 3

382 1961 541 2014 eebst
560 1959 658 2012 tria
682 1958 841 2010 verbe
867 1957 999 2018 fari,
1028 1956 1124 2020 do,
1148 1956 1289 2015 dieo.
1318 1956 1409 2008 ad-
1488 1959 1608 2026 J‘ure
1639 1956 1783 2010 civili
1811 1958 2080 2014 Flaviano.
2113 1965 2184 2017 At
2217 1980 2516 2022 senatorem

383 2041 511 2094 dico.
548 2037 779 2100 Nesasti,
821 2036 1016 2108 quibus
1060 2053 1171 2088 non
1216 2035 1409 2090 licebat
1493 2035 1671 2106 dieere
1700 2055 1812 2090 non
1834 2036 2036 2094 debuit.
2070 2041 2254 2097 Han.

382 2119 499 2172 fari.
523 2117 799 2171 Fastorum
832 2115 957 2168 libri
990 2126 1175 2178 eraut,
1202 2114 1255 2168 in
1289 2116 1404 2186 qui·
1574 2135 1628 2184 9.
1662 2116 1733 2168 Ut
1768 2117 1940 2170 anulos
1979 2120 2042 2171 ab
2086 2141 2142 2174 eo
2183 2123 2408 2194 abjecta.
2445 2129 2510 2182 11.

382 2200 485 2252 bus
506 2215 677 2253 eauso
698 2194 1041 2250 festivitatum
1072 2193 1407 2264 explicaban-
1491 2195 1707 2264 publico
1748 2197 1896 2250 luctu
1937 2201 2084 2252 anuli
2123 2204 2461 2272 ponebantur
2491 2227 2506 2261 ε

384 2293 491 2332 tur.
528 2276 817 2348 Broposuit
846 2275 1007 2327 fastos
1041 2273 1095 2325 in
1128 2273 1253 2326 albo
1286 2274 1404 2326 Fla·
1488 2273 1556 2326 ad
1599 2275 1848 2328 nuntium
1873 2276 2128 2332 Caudina
2165 2284 2308 2352 pacis
2342 2287 2512 2340 anulo,

384 2357 498 2412 vius
544 2357 714 2412 scriba
734 2391 751 2418 ,
792 2365 853 2406 ut
894 2351 1115 2424 quando
1165 2353 1277 2422 lege
1318 2353 1403 2424 agi
1486 2373 1659 2406 annos
1682 2361 1866 2424 positos
1896 2371 2075 2410 narrat
2101 2359 2318 2424 Livius,
2343 2364 2380 2416 l.
2410 2365 2507 2420 IX.

382 2450 583 2508 posset,
610 2435 853 2488 sciretur.
876 2435 1057 2486 Hanu-

464 2517 515 2570 5.
550 2517 703 2586 Appia·
751 2513 901 2566 Coeei.
954 2511 1083 2584 Ejus
1126 2511 1219 2582 qni
1256 2512 1399 2566 viam

382 2613 477 2648 suo
502 2595 721 2648 nomine
752 2590 1011 2655 munivit,
1038 2604 1091 2643 et
1127 2606 1317 2661 aquam
1342 2591 1398 2645 iu

382 2675 587 2728 Urbem
625 2673 783 2727 duxit
824 2689 839 2724 ι
878 2687 1097 2725 censura
1136 2669 1399 2739 inclytus,

384 2767 437 2806 et
452 2752 853 2824 jurisdoetriua.
874 2749 1075 2814 Livius,
1096 2749 1191 2802 lib.
1208 2749 1306 2803 IX.
1326 2749 1396 2803 11.

467 2835 523 2884 6.
556 2831 725 2883 Hostis
748 2831 939 2897 suisset.
969 2829 1047 2882 Eo
1070 2829 1247 2888 bello.
1274 2829 1397 2904 opi-⁰

380 2927 505 2975 nor,
560 2927 671 2980 quo
720 2908 1061 2960 Etruseorum
1117 2905 1397 2962 duodecim

380 2989 569 3061 populi
606 2989 661 3041 in
692 2985 961 3042 excidium
988 2983 1191 3038 romani
1226 2988 1398 3038 nomi-

378 3071 463 3122 nis
500 3069 733 3128 incitati,
782 3083 923 3118 anno
958 3065 1123 3118 Urbis
1170 3064 1397 3120 condita

384 3155 517 3214 ⁴⁴²,
545 3168 574 3203 a
598 3147 815 3202 consule
853 3145 1052 3207 Fabio,
1088 3163 1229 3198 anno
1265 3152 1397 3210 444,

378 3228 579 3300 ingenti
606 3227 793 3298 prelio
810 3223 1005 3278 devicti
1029 3237 1171 3278 sunt.
1185 3224 1395 3290 Livius,

376 3309 471 3364 lib.
492 3309 589 3362 lx.
620 3307 797 3362 Hsnn.

456 3407 509 3458 7.
536 3389 753 3456 Quorum
764 3397 931 3456 patres
947 3387 1174 3438 eonsules.
1195 3385 1257 3438 C.
1284 3384 1393 3438 Pm-

376 3467 529 3520 telius
554 3467 693 3520 Libo
712 3467 769 3519 in
793 3465 955 3518 Fastis
968 3464 1157 3518 consul
1178 3464 1393 3532 legitur,

375 3559 497 3600 eum
516 3546 579 3600 L.
608 3546 823 3615 Papirio
856 3545 1087 3598 Cursore
1107 3582 1125 3609 ,
1155 3561 1201 3597 s.
1227 3543 1393 3596 Urbis

376 3629 519 3692 ⁴²⁸3
544 3627 646 3679 Cn.
661 3624 929 3678 Domitius
954 3623 1209 3677 Calvinus
1227 3662 1244 3685 ‚
1262 3641 1387 3676 cum

372 3707 533 3759 Corn.
562 3705 731 3760 Cosso
753 3702 971 3765 Arvina,
990 3721 1137 3755 anno
1165 3701 1299 3768 43).
1322 3701 1389 3756 Η.

448 3787 500 3840 8.
530 3784 775 3838 Addimu-
806 3781 999 3834 Flsm'o.
1041 3804 1061 3826 ιι
1088 3781 1167 3834 Ut
1204 3793 1257 3832 et
1298 3783 1392 3834 tri·

1484 2434 1570 2486 De
1629 2435 1816 2488 funere
1884 2437 2112 2504 Augusti
2188 2440 2472 2497 Suetonius
2491 2487 2508 2511 ,

1486 2531 1602 2584 cap.
1629 2530 1730 2566 too
1767 2533 1781 2566 ε
1839 2540 1863 2562 ι
1899 2515 2004 2568 Alii
2032 2521 2394 2590 exsequiarum
2417 2521 2508 2578 (lie

1485 2591 1762 2662 ponendos
1798 2611 1986 2648 aureos
2027 2597 2244 2664 anulos,
2279 2601 2504 2658 ferreos-

1484 2689 1590 2741 que
1621 2671 1906 2726 sumendos
1923 2691 2291 2732 censuerunt.»
2321 2681 2503 2740 Ham).

1570 2768 1659 2804 ιο.
1695 2751 1886 2804 Etenim
1925 2754 2160 2824 adjectum
2179 2757 2269 2810 hoc
2301 2779 2499 2834 quoqcu-

1484 2828 1766 2901 AdJeetum
1811 2831 2056 2903 quidem,
2109 2835 2314 2906 iuquit,
2353 2844 2501 2912 equi..

1484 2919 1597 2961 tum
1631 2929 1828 2964 nomen
1871 2914 2071 2982 pariter
2109 2933 2230 2968 eum
2273 2935 2497 2978 senatu.-

1482 2987 1574 3042 sed
1599 3001 1825 3061 propter
1845 2991 1954 3046 luee
1977 2993 2135 3047 verba
2163 2994 2220 3049 id
2237 2995 2500 3067 adjectum

1480 3081 1560 3122 est
1577 3087 1724 3140 ,qun
1743 3069 1798 3124 in
1823 3071 2116 3126 Annalibus
2132 3075 2288 3128 simul
2316 3076 2498 3150 legun·

1481 3161 1592 3212 tur,
1615 3149 1705 3202 sed
1741 3162 1790 3200 et
1816 3149 2027 3220 plmlera
2059 3157 2226 3222 posita
2253 3176 2273 3208 .·
2301 3161 2498 3227 quibus

1478 3228 1658 3281 verbis
1683 3228 1888 3300 insigne
1915 3233 2152 3303 equitum
2174 3247 2226 3288 et
2253 3237 2390 3290 ordo
2413 3241 2499 3294 in.

1477 3305 1970 3378 telligitur.St-cutus
1987 3312 2140 3382 plane
2161 3332 2252 3367 eos
2268 3317 2499 3382 Annales

1476 3386 1662 3439 Livius
1676 3385 1892 3440 videtur
1911 3410 1923 3440 ε
1941 3389 2016 3444 sic
2035 3393 2178 3446 euim
2203 3393 2290 3448 ille
2309 3398 2364 3450 in
2387 3399 2495 3452 flue

1476 3465 1601 3518 libri
1623 3467 1702 3520 lx
1727 3488 1740 3518 2
1797 3491 1820 3514 e
1849 3469 2188 3543 Tantumque
2213 3475 2382 3530 Flavii
2407 3497 2495 3530 co·

1476 3545 1622 3598 mitia
1675 3545 2004 3616 indignitatis
2056 3551 2382 3620 habuerunt,
2435 3570 2494 3611 ut

1476 3625 1716 3696 plerique
1767 3628 2036 3682 nobilium
2087 3633 2272 3686 anulos
2311 3653 2496 3690 aureos

1475 3718 1528 3758 et
1552 3705 1790 3776 phaleras
1809 3704 2154 3778 deponerent.
2167 3737 2192 3760 ι
2209 3713 2392 3766 Haeo.

1560 3801 1582 3838 1
1601 3803 1648 3838 1.
1691 3785 2057 3862 Pmpeersaque.
2109 3792 2196 3843 sie
2243 3791 2396 3844 Colb.
2443 3795 2494 3858 3,

372 3867 541 3920 buuus
562 3865 763 3936 plebis,
788 3873 843 3915 et
866 3871 1081 3916 senator
1096 3897 1113 3922 ‚
1148 3873 1201 3914 et
1222 3859 1387 3914 edili»
1466 3875 1652 3917 reete:
1679 3866 1826 3937 prius
1853 3865 2102 3922 mendose
2121 3907 2137 3926 ,
2155 3881 2352 3938 propter
2365 3892 2493 3944 quo.

374 3945 565 3998 eurulis
578 3956 711 3998 esset
731 3968 753 3991 ι
782 3941 959 4012 inquit
988 3939 1311 4011 Pomponius
1326 3940 1383 3994 in

375 4021 487 4095 Dig.
514 4025 561 4092 1,
580 4025 663 4078 tit.
700 4043 728 4076 a
762 4021 831 4076 do
860 4021 1005 4094 0¹43.
1028 4022 1139 4092 jur.
1169 4014 1201 4080 5
1226 4037 1282 4089 7,
1316 4019 1385 4074 do

1474 3943 1660 3996 Ham).

1559 4041 1644 4077 xa.
1671 4025 1788 4078 Nou
1825 4043 1856 4076 a
1905 4035 2086 4074 senatu.
2131 4023 2195 4080 Et
2241 4028 2312 4082 ita
2367 4051 2490 4087 anne
