2975 4684
462 381 605 470 604

980 389 1097 487 lc,
1145 389 1480 458 PLINII
1529 389 1740 458 NAT.
1791 389 2042 456 fflsr.

462 531 575 586 aut
610 519 662 587 si
694 519 995 590 admotus
1034 545 1303 616 magnes
1338 519 1884 617 apprehenderit,
1927 519 2138 614 rapiat
2161 573 2179 606 ‚
2216 535 2410 614 atque
2447 546 2576 591 au-

459 621 641 692 ferat.
700 624 981 695 Adamas
1035 641 1101 694 et
1146 651 1399 696 venena
1442 628 1622 696 irrita
1675 625 1829 695 facit
1847 627 1918 709 ²⁷,
1967 638 2031 693 et
2093 623 2577 720 lymphationes

456 729 695 822 abigit,
730 747 1073 826 metusque
1110 756 1316 802 vanos
1344 730 1609 826 expellit
1633 757 1672 800 a
1698 727 1917 800 mente
1948 757 1963 799 τ
1996 745 2064 798 et
2088 732 2176 800 ob
2209 732 2275 799 id
2305 733 2574 826 quidam

456 859 607 902 eum
624 837 970 905 anachiten
988 829 1036 865 ²⁸
1055 863 1395 907 vocavere.
1422 838 1848 906 Metrodorus
1878 838 2213 930 Scepsius,
2244 839 2312 906 in
2339 837 2570 906 eadem

456 941 813 1009 Germania
842 957 909 1011 et
931 931 1163 1012 Basilia
1182 944 1390 1013 insula
1413 945 1594 1013 nasci
1613 997 1630 1028 ‚
1661 945 1727 1012 in
1758 967 1888 1036 qua
1915 957 1982 1012 et
2011 944 2374 1030 succinum,
2395 943 2574 1037 quod

455 1045 755 1139 equidem
802 1045 1103 1142 legerim,
1141 1048 1316 1119 solus
1353 1050 1557 1119 dicit:
1601 1064 1670 1118 et
1715 1049 1982 1143 praefert
2014 1049 2306 1118 Arabicis
2341 1075 2356 1116 ε
2395 1049 2574 1142 quod

458 1149 690 1219 falsum
736 1178 874 1222 esse
915 1157 1061 1248 quis
1098 1155 1393 1224 dubitet?

561 1260 743 1326 XVI.
777 1262 1156 1329 Proximum
1193 1261 1371 1356 apud
1406 1285 1527 1333 nos
1570 1261 1811 1331 Indicis
1853 1261 2276 1353 Arabicisque
2320 1283 2576 1354 marga-

457 1364 597 1432 ritis
641 1367 924 1457 pretium
970 1381 1101 1452 est,
1144 1366 1226 1436 de
1269 1367 1508 1461 quibus
1547 1369 1616 1436 in
1667 1392 1846 1436 nono
1879 1364 2194 1435 diximus¹
2243 1364 2579 1435 volumine

452 1470 630 1537 inter
659 1494 763 1538 res
801 1474 1104 1542 marinas.

561 1563 689 1668 (v.)
718 1579 938 1646 Tertia
966 1580 1321 1649 auctoritas
1348 1577 1734 1674 smaragdis²
1760 1578 2143 1673 perhibetur
2171 1575 2470 1672 pluribus
2494 1576 2582 1646 de

456 1731 665 1786 adamas
714 1735 941 1805 magneti
977 1735 1122 1807 quod
1160 1739 1332 1809 rapit,
1374 1756 1469 1789 au-

456 1813 579 1866 fert.
610 1839 632 1860 ι
672 1813 795 1866 Non
829 1815 986 1868 habet
1026 1817 1163 1868 hanc
1208 1817 1318 1869 vim
1351 1815 1475 1870 ada-

457 1911 569 1946 mas
593 1892 712 1945 orbi
741 1905 921 1946 nostro
945 1913 1087 1947 nunc
1110 1896 1363 1966 cognitus.
1402 1895 1471 1948 H.

455 2001 535 2015 —-
559 1973 731 2024 Immo
754 1991 1043 2043 numquam
1070 1975 1253 2026 habuit
1270 2013 1284 2038 ,
1314 1987 1375 2026 ut
1410 1991 1473 2025 ex

457 2051 705 2103 omnibus
722 2052 1077 2104 recentiorum
1105 2052 1474 2122 experimentis

456 2140 620 2199 patet.
645 2128 747 2180 En.

541 2225 632 2274 ²7·
656 2207 875 2259 Adamas
893 2220 943 2259 et
958 2227 1139 2259 venena
1167 2211 1303 2260 irrita
1322 2208 1475 2276 facit.

458 2286 697 2353 Solinus,
740 2299 791 2338 et
818 2285 1082 2349 Isidorus,
1114 2287 1241 2340 locis
1280 2289 1473 2342 citatis.

459 2365 714 2420 Albcrtus
746 2365 830 2418 his
862 2367 1114 2436 amplius,
1138 2367 1255 2419 loco
1275 2368 1433 2420 citato
1457 2390 1470 2419 :

466 2473 489 2494 ι
520 2445 826 2515 Dicuntque
864 2445 1038 2517 Magi,
1083 2445 1231 2515 quod
1276 2447 1476 2501 lacerto

460 2525 671 2578 sinistro
700 2523 970 2596 alligatus,
998 2526 1133 2577 valet
1166 2539 1353 2580 contra
1380 2528 1478 2580 ho-

461 2615 563 2658 stes
578 2643 593 2667 ‚
622 2616 674 2655 et
691 2603 947 2657 insaniam
966 2642 981 2669 ,
1003 2618 1056 2657 et
1078 2603 1361 2660 indomitas
1386 2608 1479 2659 be·

462 2682 611 2743 stim,
653 2695 707 2734 ct
740 2684 877 2736 feros
904 2684 1178 2750 homines,
1210 2699 1262 2738 et
1296 2699 1479 2740 contra

460 2763 631 2835 jurgia
668 2775 719 2815 et
746 2763 915 2825 rixas,
952 2778 1002 2817 et
1038 2776 1221 2817 contra
1248 2767 1477 2825 venena.

464 2855 517 2894 et
555 2843 793 2896 incursus
821 2843 1249 2912 'phantasmatum
1269 2885 1284 2908 ,
1318 2858 1372 2897 et
1404 2845 1483 2898 in·

464 2922 743 2975 cuborum.
774 2947 797 2968 n
837 2921 1153 2975 Marbodeus
1171 2965 1186 2988 ‚
1210 2923 1312 2976 loc.
1341 2925 1481 2976 citat.

472 3027 493 3049 κ
516 3001 581 3053 Et
605 3002 773 3054 noctis
794 3003 1038 3064 lemures,
1063 3013 1115 3053 et
1135 3004 1336 3056 somnia
1352 3021 1483 3057 vana

464 3079 676 3150 repellit
694 3119 709 3144 ,
744 3083 871 3133 Atra
899 3099 1099 3132 venena
1124 3080 1297 3153 fugat,
1320 3094 1424 3136 etc.
1453 3107 1476 3130 ι

549 3160 637 3213 28.
670 3159 743 3210 Et
771 3160 830 3210 ob
856 3159 910 3210 id
938 3159 1128 3231 quidam
1151 3181 1253 3213 eum
1284 3163 1485 3214 attachi-

470 3251 545 3290 ten
571 3257 811 3291 vocavere.
840 3235 1147 3309 Anacliyten
1167 3281 1182 3304 ‚
1205 3240 1351 3313 quod.
1376 3242 1514 3294 aui·=

468 3318 541 3370 mi
590 3335 865 3370 moerorem
927 3317 1199 3385 effundat3
1253 3321 1484 3388 ἀνάχυσις

466 3397 715 3450 mollities
731 3437 745 3460 ,
774 3397 997 3453 lascivia.
1020 3398 1081 3449 In
1102 3399 1250 3452 MSS.
1272 3401 1487 3471 legitur,

468 3480 753 3530 ennae-icem:
775 3477 1001 3530 fortassis
1022 3479 1319 3543 ιύνακοῖτην,
1339 3478 1486 3549 quod

471 3556 730 3609 cubituris
764 3568 904 3608 metu
948 3554 1190 3626 depulso,
1236 3576 1489 3611 moerore-

472 3653 578 3706 que
611 3637 780 3689 levato
798 3675 813 3700 ,
843 3653 1085 3688 somnum
1115 3635 1388 3701 conciliet,
1409 3655 1493 3689 re·

471 3728 645 3768 creata
672 3715 1111 3786 tranquillataque
1152 3726 1346 3768 mente.
1385 3717 1492 3770 Alii

473 3793 617 3864 quod
632 3794 697 3845 τὰ
715 3793 811 3861 ἄχη
823 3833 836 3855 ,
858 3793 915 3846 id
934 3806 1027 3858 est,
1046 3795 1137 3856 τὰς
1149 3795 1307 3856 λῦπας
1322 3797 1492 3860 παύει,

475 3871 621 3942 quod
639 3873 803 3925 animi
827 3871 1159 3943 egritudines
1180 3886 1235 3927 et
1261 3875 1492 3928 anxieta-

475 3961 552 4000 tes
568 3949 711 4004 sedat
736 3964 789 4003 et
818 3951 1050 4006 discutit.
1086 3955 1217 4007 Du..
1242 3984 1321 3995 --
1348 3955 1487 4006 Ana·

478 4027 645 4078 chiten.
686 4027 773 4080 Sic
806 4030 929 4085 libri
966 4032 1074 4086 fere
1115 4051 1301 4087 omnes
1338 4032 1487 4089 editi.

1557 1738 1619 1787 In
1645 1735 1918 1788 Parmensi
1947 1734 2071 1786 edit.
2095 1733 2334 1785 auehit-m.
2364 1734 2494 1803 Reg.
2529 1751 2583 1796 2,

1557 1828 1608 1867 et
1639 1815 1797 1868 Colb.
1837 1815 1867 1866 3
1889 1853 1906 1878 ,
1949 1813 2186 1885 quondan!
2211 1815 2477 1864 eunaciten.
2501 1813 2586 1864 An

1557 1897 1836 1949 εὔνακοὶτην
1885 1888 1908 1954 (
1944 1907 2002 1945 ut
2045 1893 2418 1962 Dalecampius
2475 1891 2584 1962 legi

1557 1973 1730 2024 voluit
1758 1961 1809 2040 ),
1835 1970 1980 2043 quod
2009 1985 2180 2024 metus
2217 1991 2248 2026 a
2275 1971 2409 2024 lecto
2442 1989 2588 2022 som·

1557 2068 1736 2120 noque
1765 2051 1924 2120 pellat
1945 2055 1968 2100 ?
2003 2069 2126 2103 nam
2153 2064 2205 2103 et
2240 2053 2347 2108 εὐνὴ
2367 2063 2420 2102 et
2440 2051 2581 2106 καίτη

1558 2129 1724 2180 lectus
1753 2127 1968 2182 dicitur.
2015 2130 2301 2183 Salmasius
2329 2131 2381 2182 in
2409 2129 2582 2182 Solin-

1561 2209 1825 2277 ἀναγκῖτην
1848 2210 1975 2279 legit
1991 2245 2007 2272 ,
2028 2229 2084 2279 p.
2123 2209 2285 2274 1085,
2313 2205 2455 2280 quod
2480 2225 2591 2260 me-

1561 2299 1645 2340 tus
1673 2286 1818 2341 sedet
1851 2311 1862 2340 :
1895 2307 2016 2341 nam
2049 2302 2248 2342 metum
2285 2290 2405 2353 ille,
2437 2299 2592 2340 cnte-

1560 2385 1762 2438 rosque
1798 2369 1961 2420 animi
1998 2368 2250 2432 affectus,
2293 2385 2412 2440 quae
2453 2367 2588 2422 πάθη

1563 2446 1737 2501 61·ωοί
1785 2460 2004 2513 vocant,
2056 2448 2273 2516 ἀνάγκας
2334 2445 2594 2516 appellari

1561 2544 1738 2598 posse,
1766 2527 1911 2579 credi
1933 2527 2072 2595 cogit
2096 2545 2110 2576 ε
2136 2537 2371 2594 pareant,
2390 2523 2595 2593 quibus

1562 2606 1652 2658 ille
1688 2606 1914 2676 jusserit.
1957 2603 2133 2655 Hsnn.
2181 2631 2255 2644 --
2293 2601 2634 2658 Anae-latens

1563 2685 1710 2736 Brot.
1753 2701 1816 2735 ex
1858 2681 2004 2736 MSS.
2038 2683 2198 2752 Regg.
2231 2700 2291 2742 ο,
2326 2681 2396 2746 3,
2424 2681 2489 2746 5,
2521 2686 2595 2746 6,

1563 2768 1831 2828 eunacieen,
1871 2762 1927 2815 id
1958 2775 2034 2814 est
2052 2802 2067 2827 ‚
2107 2760 2432 2832 sopientem,
2460 2761 2593 2814 abo-

1564 2844 1761 2897 lentem
1786 2842 2046 2906 curas;ab
2062 2843 2241 2902 εὐνάζω
2261 2854 2314 2893 et
2343 2840 2592 2901 ἀκίς.Εο.

1647 2923 1797 2976 XVI.
1825 2940 1870 2975 ῐ.
1897 2922 1956 2974 [ιι
1970 2941 2094 2974 nono
2109 2920 2331 2974 cli-dmm.
2347 2920 2468 2972 Lib.
2491 2919 2590 2978 lx.

1566 3019 1682 3072 cap.
1717 3003 1787 3064 54
1813 3013 1866 3053 et
1885 3019 2000 3072 sqq.
2033 3001 2216 3053 Ham).

1653 3101 1705 3134 τι.
1763 3081 1926 3132 Te'rte'a
1987 3084 2248 3132 auctor-itas
2301 3077 2592 3149 smaragdis.

1569 3161 1694 3212 Haec
1733 3157 1920 3212 iisdem
1965 3159 2073 3212 fere
2117 3159 2294 3211 verbis
2346 3157 2595 3222 Solinus,

1569 3259 1685 3310 cap.
1728 3257 1819 3300 xv,
1860 3257 1977 3309 pag.
2013 3237 2118 3302 353
2150 3235 2386 3290 Isidorus
2430 3239 2556 3291 item
2579 3275 2595 3302 ,

1571 3319 1724 3389 Orig.
1752 3319 1846 3370 lib.
1875 3319 2034 3384 XVI,
2051 3337 2166 3388 cap.
2200 3337 2252 3386 7.
2281 3315 2596 3388 Maragdum

1571 3399 1768 3468 absque
1813 3398 2013 3468 praevio
2061 3397 2217 3450 sibilo
2255 3395 2597 3450 scribendum

1573 3495 1684 3530 esse
1709 3475 1986 3531 contendit
2015 3477 2329 3538 Athcnaeus,
2356 3476 2448 3528 lib.
2475 3473 2560 3526 111
2580 3514 2596 3538 ,

1571 3575 1694 3628 pag.
1737 3563 1808 3625 94
1826 3597 1841 3622 ,
1864 3555 2009 3628 quod
2038 3557 2135 3608 ἀπὸ
2170 3561 2252 3608 τοῦ
2281 3555 2596 3625 μαρμαίρειν,

1573 3636 1678 3689 hoc
1703 3648 1805 3700 est,
1833 3655 1864 3688 a
1899 3633 2183 3706 splendore
2209 3651 2403 3686 nomen
2436 3633 2602 3685 habe-

1576 3733 1636 3769 re
1676 3715 1807 3768 vult.
1851 3715 2081 3779 Nostris,
2120 3711 2378 3764 &meranda
2416 3713 2601 3764 Halm.

1577 3827 1657 3838 --
1675 3793 1974 3864 Snmragdis.
2007 3793 2129 3845 Non
2155 3793 2361 3860 ignotus
2382 3789 2490 3843 fuit
2515 3807 2608 3842 an-

1579 3875 1739 3944 tiquis
1765 3893 1921 3928 verns
1941 3869 2259 3941 smaragdus,
2277 3887 2338 3922 ac
2364 3869 2604 3939 perfecte
2711 3907 2720 3914 .

1574 3951 1790 4017 viridis,
1823 3965 1881 4005 ut
1923 3949 2129 4003 videtur
2171 3967 2240 4002 ex
2277 3949 2434 4002 Plinii
2467 3947 2604 3999 alio-

1577 4050 1804 4101 rumque
1823 4027 2264 4101 descriptionibus
2286 4065 2303 4095 ,
2315 4041 2369 4082 et
2379 4025 2606 4099 gemmis
