2975 4684
1098 341 1403 410 LIBER
1452 344 1817 412 XXXIII.

2435 349 2522 422 35

394 479 597 548 etiam
623 479 1109 571 Harpocratem
1127 472 1199 562 ¹⁷,
1242 488 1620 571 statuasque
1649 477 2110 572 AEgyptiorum
2146 484 2522 573 numinum,

394 587 465 654 in
484 584 706 703 digitis
726 584 853 652 viri
882 605 1146 676 quoque
1170 595 1437 676 portare
1472 583 1816 678 incipiunt.
1855 586 2004 654 Fuit
2025 599 2093 654 et
2117 585 2244 656 alia
2263 588 2522 662 Claudii
2561 619 2591 670 3

395 691 771 834 principatu
818 688 1252 758 differentia
1235 713 1302 756 111
1342 687 1497 758 solis
1539 689 1697 777 his,
1719 691 1957 784 quibus
1999 686 2524 768 admissionem¹⁸

396 795 679 876 liberti.¹9
708 796 849 890 ejus
888 794 1258 882 dedissent,
1302 795 1657 890 imaginem
1719 798 2032 892 principis
2094 824 2176 868 ex
2229 826 2395 872 auro
2457 805 2526 874 in

391 901 597 972 anulo
626 901 929 998 gerendi,
968 925 1212 995 magna
1249 900 1634 972 criminum²
1707 905 2094 974 occasione.
2079 932 2272 1000 .quae
2296 913 2524 980 omnia

392 1117 545 1170 blica!
559 1154 576 1180 ,
598 1115 861 1186 privatum
883 1111 1043 1166 istud.
1071 1111 1296 1184 Elegaus
1315 1132 1409 1167 au-

390 1210 498 1250 tem
532 1213 828 1267 puerorum
860 1195 1061 1258 forma,
1094 1191 1267 1263 inquit
1304 1193 1412 1245 Pli-

390 1277 514 1329 nius
529 1315 546 1340 ,
563 1275 795 1330 balineas
816 1273 1033 1327 decorat
1046 1312 1062 1342 ,
1078 1283 1132 1324 et
1151 1273 1409 1325 honestat.

393 1356 676 1410 Convertere
696 1355 910 1408 balineas
939 1351 1144 1406 dictum
1174 1370 1272 1422 per
1298 1369 1411 1405 me·

390 1435 669 1508 tapboram
700 1435 1041 1496 arbitramur,
1067 1450 1169 1502 pro
1201 1442 1414 1482 ostenta-

388 1536 441 1568 re
456 1537 478 1578 ,·
520 1529 580 1569 ut
626 1525 895 1567 convertere
947 1515 1206 1564 exereitum
1252 1509 1415 1561 latine

385 1593 617 1650 dicimus
635 1631 652 1659 ,
674 1591 821 1664 quod
855 1590 1077 1648 Barbari
1094 1590 1417 1656 sacer-emon-

388 1687 542 1728 stmm
582 1673 747 1724 aiunt.
763 1670 869 1722 Vel
903 1679 1171 1722 convertere
1206 1665 1416 1718 balineas

388 1765 471 1806 est
499 1769 683 1806 earum
723 1750 949 1820 speciem
990 1747 1065 1800 sic
1096 1747 1409 1804 immutare,

384 1845 449 1886 ut
477 1831 567 1885 vix
606 1828 828 1882 balinea
868 1847 978 1881 esse
1016 1825 1317 1888 credantur,
1351 1843 1413 1878 ae

380 1931 495 1964 non
558 1909 867 1982 principum
934 1908 1171 1960 virorum
1233 1904 1410 1974 potius

382 1990 575 2045 domus
616 2008 678 2042 ac
716 1987 1015 2041 comitatus.
1048 1987 1129 2039 De
1160 1982 1409 2056 paedago-

378 2071 519 2142 giani
568 2067 720 2141 pueri
765 2067 913 2122 cultu
958 2065 1265 2119 Ammianus
1308 2063 1405 2118 lib.

382 2151 601 2216 xxvl,
638 2167 696 2219 p.
736 2147 886 2201 320:
923 2147 1015 2198 ..A
1041 2145 1188 2199 calce
1216 2141 1283 2194 ad
1302 2161 1407 2234 pu-

382 2229 544 2282 bem·
528 2248 585 2282 ιιι
607 2224 965 2301 pedagogiani
996 2225 1149 2295 pueri
1175 2222 1403 2295 speciem

380 2309 663 2380 purpureis
700 2319 919 2377 opertus
954 2302 1277 2376 tegminibus
1308 2321 1405 2372 pe·

379 2387 565 2442 duma·
592 2387 792 2440 Pueros
814 2383 1081 2439 credimus
1108 2395 1403 2452 unguenta·

378 2467 515 2532 rios,
540 2467 632 2538 qui
660 2467 719 2520 iu
742 2465 943 2518 balneis
970 2476 1147 2527 erant,
1174 2481 1207 2514 a
1229 2460 1402 2514 Plinio

377 2566 523 2600 ιιιιιιο
545 2545 825 2618 designari.
847 2545 1031 2610 Qualis
1048 2544 1139 2595 ille
1162 2539 1228 2594 ad
1243 2557 1401 2612 quem

380 2627 659 2692 Horatius,
708 2625 801 2678 lib.
834 2623 950 2688 111,
997 2621 1100 2676 Od.
1133 2628 1237 2686 14,
1284 2645 1307 2666 ι
1340 2621 1401 2686 1,

376 2719 500 2778 pete
522 2716 879 2776 unguentum,
908 2720 1066 2772 puer.
1100 2728 1123 2750 ι
1157 2701 1337 2752 ΗΑιιι).

466 2803 555 2854 17.
604 2785 967 2852 Harpocratem.
989 2780 1133 2834 Vide
1182 2779 1399 2833 Suidam

378 2863 439 2916 in
463 2861 701 2916 dictione
726 2860 975 2930 ἡραΐσκος.
1010 2861 1254 2912 Politian.
1295 2859 1400 2912 Mi-

376 2941 525 2995 scell.
566 2959 685 3011 oep.
728 2956 957 2992 Lxxxul.
992 2939 1133 2992 Du..
1160 2970 1235 2980 -—
1258 2937 1399 2988 Har-

368 3034 637 3094 pocratem·
668 3018 875 3074 Silentii
904 3015 1099 3080 deum,
1140 3017 1277 3070 inter
1304 3019 1397 3068 ΙΕ-

367 3101 681 3173 gyptiorum
712 3097 953 3152 numina.
990 3095 1250 3159 Ovidius,
1280 3095 1397 3148 Me-

372 3181 641 3254 tamorpb.
662 3197 797 3233 vers.
832 3181 941 3249 69²
968 3215 985 3244 ,
1012 3176 1393 3248 AEgyptiorum

370 3261 499 3315 deos
528 3277 841 3316 enumerans
853 3297 871 3324 ,
886 3259 1029 3314 hunc
1043 3257 1212 3330 signat
1234 3256 1389 3310 tacito

368 3341 588 3394 nomine
618 3359 633 3392 ι
663 3365 685 3387 ιι
708 3339 927 3409 Quique
947 3339 1143 3409 premit
1169 3353 1389 3401 vocem,

330 3473 339 3490 ‚
367 3419 643 3492 digitoque
657 3418 864 3472 silentia
884 3417 1085 3471 suadet.
1113 3443 1136 3464 ι
1165 3416 1347 3470 Han.

452 3501 539 3555 18.
572 3499 761 3570 Quibus
787 3497 1132 3550 admissionem.
1164 3496 1306 3548 Usus
1328 3511 1391 3546 ea

366 3597 497 3634 voce
537 3577 881 3650 Tranquillus
935 3576 991 3630 in
1027 3575 1390 3646 Vespasiano,

362 3677 481 3733 cap.
513 3675 645 3712 nv.
632 3676 645 3689 ·
676 3653 1021 3727 -Trepidum
1064 3673 1187 3708 eum
1224 3653 1390 3706 inter·

362 3737 503 3795 dicta
524 3737 649 3792 aula
662 3737 763 3790 sub
782 3735 1024 3801 Nerone,
1042 3745 1392 3806 quarentem-

1495 1115 1736 1184 jusserat.
1770 1140 1793 1162 n
1837 1115 2040 1170 Plinius
2073 1118 2202 1172 item
2237 1119 2433 1175 Junior
2468 1123 2525 1175 in

1499 1193 1762 1265 Panegyr.
1790 1195 2042 1267 Trajani,
2067 1217 2222 1252 num.
2260 1206 2331 1269 47
2365 1222 2377 1250 z
2414 1203 2526 1256 «An

1498 1274 1782 1345 quisquam
1813 1273 1988 1327 studia
2024 1276 2370 1332 humanitatis
2397 1300 2520 1351 pro·

1499 1353 1661 1405 fessus
1676 1391 1693 1417 ,
1719 1371 1830 1406 non
1857 1371 2028 1423 quum
2051 1355 2230 1409 omnia
2259 1369 2346 1411 tua
2365 1399 2382 1423 ‚
2405 1373 2519 1413 tum

1499 1432 1586 1482 vel
1613 1430 1671 1482 in
1695 1431 1889 1505 primis
1906 1431 2151 1486 laudibus
2174 1435 2310 1488 serat
2328 1437 2523 1490 admis-

1501 1509 1712 1561 sionum
1735 1522 1942 1562 tuarum
1960 1511 2264 1566 facilitatem
2283 1519 2337 1565 Ρ,
2359 1515 2523 1570 Nem-

1500 1606 1572 1659 pe
1591 1588 1654 1641 ab
1685 1589 2068 1656 admissionibus,
2092 1591 2174 1643 vel
2205 1593 2523 1648 admissiona-

1503 1667 1600 1732 les,
1633 1680 1693 1720 ut
1725 1668 1887 1720 habet
1910 1669 2253 1741 Lampridius
2279 1674 2335 1726 in
2359 1673 2522 1728 Alex-

1499 1747 1666 1800 andro
1701 1747 1897 1800 Severo
1914 1786 1931 1812 ,
1951 1747 2270 1804 dicebantur
2287 1753 2325 1805 ii
2340 1792 2358 1819 ,
2384 1757 2522 1808 servi

1495 1826 1744 1879 libertive
1759 1865 1776 1890 ‚
1797 1828 1890 1898 qui
1921 1828 1986 1881 ad
2009 1829 2348 1884 salutandum
2369 1836 2520 1905 prin-

1494 1906 1668 1977 cipem
1703 1925 1767 1958 ex
1801 1907 1982 1960 officio
2015 1927 2105 1962 eos
2131 1909 2516 1980 admittebant,

1492 1987 1690 2056 quibus
1717 2004 1782 2038 eo
1816 1999 2082 2040 convento
2109 2006 2245 2060 opus
2266 2005 2393 2045 erat.
2423 1994 2519 2046 His

1492 2067 1589 2136 qui
1614 2078 1843 2136 praeerat
1857 2105 1874 2132 ,
1895 2071 2128 2136 magister
2147 2070 2510 2137 admissionum,

1489 2146 1774 2198 Ammiano
1804 2159 1965 2210 teste,
1997 2145 2202 2216 dictus,
2229 2151 2325 2221 qui
2343 2151 2514 2206 hono·

1488 2225 1710 2278 ratiores
1723 2222 1792 2278 ad
1807 2226 2105 2297 principem
2123 2228 2513 2287 introducebat.

1489 2302 1554 2355 Id
1588 2304 1888 2357 Palatinum
1930 2306 2170 2360 officium
2203 2309 2416 2363 Claudii
2451 2331 2512 2382 ac

1488 2383 1717 2436 Neronis
1752 2386 2103 2455 temporibus,
2145 2399 2207 2438 ut
2249 2406 2315 2440 ex
2355 2387 2514 2459 dictis

1488 2462 1682 2534 liquet,
1713 2463 2017 2516 institutum
2043 2477 2137 2518 est.
2166 2467 2328 2520 Recte
2355 2469 2514 2522 Sene-

1488 2560 1580 2607 ca,
1603 2541 1670 2595 de
1693 2543 1862 2596 Clem.
1887 2543 1983 2596 lib.
2013 2547 2071 2610 1,
2092 2563 2206 2616 cap.
2249 2566 2337 2613 ιο,
2368 2574 2391 2594 ι
2417 2568 2510 2602 co-

1488 2621 1698 2674 hortem
1767 2623 2033 2675 interioris
2097 2622 2435 2681 admissionis
2476 2657 2499 2678 a

1489 2699 1632 2752 dixit
1659 2721 1674 2751 ε
1717 2719 1838 2753 nam
1873 2701 2265 2758 admissionales
2301 2707 2392 2760 alii
2425 2709 2508 2761 in·

1486 2791 1564 2832 tra
1609 2779 1870 2851 principis
1911 2782 2254 2846 cubiculum,
2297 2786 2389 2838 alii
2435 2787 2505 2840 ad
2563 2808 2627 2869 ,J

1485 2860 1627 2913 fores
1651 2860 1818 2912 fuere.
1849 2860 1917 2913 Η.
1941 2891 2022 2903 --
2048 2862 2110 2913 In
2135 2864 2250 2914 solis
2278 2866 2375 2923 lu’s,
2405 2879 2505 2920 etc.

1482 2939 1633 2992 Brot.
1659 2958 1722 2992 ex
1752 2937 1836 2991 ed.
1865 2959 1952 3010 pr.
1969 2943 2174 2994 insolens
2200 2943 2292 2996 his.
2318 2945 2424 2999 En.

1571 3038 1658 3089 19.
1700 3019 1891 3070 Liberti
1924 3021 2023 3090 ejus
2065 3021 2321 3076 dedissent.
2361 3027 2504 3081 Cave

1482 3116 1606 3150 cum
1645 3099 1830 3169 Lipsio
1865 3099 2048 3153 credas
2079 3101 2332 3156 orationis
2365 3119 2501 3159 stru·-

1482 3190 1689 3230 cturam
1736 3197 1958 3248 poscere
1997 3179 2126 3243 sibi,
2161 3183 2406 3252 «liberti,
2450 3201 2503 3241 et

1474 3258 1560 3328 jus
1579 3255 1888 3323 ‘dedissent
1915 3272 2014 3312 etc.
2045 3263 2370 3318 ·Sententia
2398 3277 2502 3332 est,

1478 3333 1863 3389 admissionum
1903 3339 2121 3394 libertos
2153 3345 2380 3398 scrutari
2415 3365 2500 3399 so-

1476 3415 1602 3468 litos
1633 3416 1807 3468 fuisse
1837 3435 1927 3470 eos
1963 3419 2056 3489 qui
2088 3419 2156 3472 ad
2199 3423 2498 3497 principem

1478 3493 1827 3562 accederent,
1859 3497 2181 3594 criminique
2205 3501 2439 3568 dedisse,
2455 3503 2498 3568 si

1478 3593 1638 3648 quem
1666 3577 1924 3648 principis
1953 3577 2236 3651 imaginem
2262 3584 2318 3635 in
2339 3581 2500 3634 anulo

1476 3668 1746 3727 gerentem
1788 3656 2156 3712 offendissent.
2201 3659 2385 3713 Hanu-
2419 3691 2499 3700 —

1480 3735 1670 3806 Quibus
1711 3736 2040 3789 admissionem
2073 3738 2249 3790 liberti.
2291 3739 2502 3802 Quibus

363 3838 467 3892 que
496 3815 759 3891 quidnam
788 3827 994 3886 ageret,
1022 3826 1113 3867 sut
1138 3832 1245 3885 quo
1272 3811 1387 3866 abi·
1468 3815 1556 3886 jus
1583 3815 1922 3890 ingrediendi
1954 3817 2262 3870 cubiculum
2298 3818 2502 3886 princi-

362 3911 465 3962 ret,
487 3897 707 3972 quidam
738 3915 801 3951 ex
830 3895 1013 3950 officio
1052 3891 1387 3947 admissionis

360 3977 520 4034 simul
550 3977 847 4052 expellens,
877 3975 1023 4030 abire
1044 3973 1383 4028 Morbouiam

1472 3894 1555 3967 pis
1574 3895 1752 3948 liberti
1787 3898 1900 3967 ejus
1920 3894 2213 3962 dedissent,
2241 3908 2337 3950 etc.
2369 3899 2440 3953 H.

1561 3993 1646 4027 ao.
1685 3975 1878 4044 Magna
1912 3977 2181 4027 criminum.
2208 3974 2390 4042 Quum
2422 3982 2500 4035 rei

2172 4071 2246 4143 3²
