2975 4684
1104 365 1408 438 LIBER
1474 366 1788 434 XXXV.

2373 363 2500 433 281

386 495 653 584 bantur,
700 511 769 568 et
824 498 1267 567 monumentis
1310 521 1534 568 rerum
1595 499 1662 566 in
1719 497 2102 591 magistratu
2132 509 2507 626 gestarum.

389 601 551 672 Aliae
590 603 751 672 foris
782 617 849 672 et
890 605 1064 672 circa
1097 602 1323 672 limina
1352 601 1750 674 domit‘arum
1789 601 2124 697 gentium¹
2197 604 2512 698 imagines

388 723 611 793 erant,
642 708 855 778 affixis
882 709 1170 778 hostium
1209 708 1461 803 spoliis,
1504 735 1650 804 quae
1683 733 1808 778 nec
1843 709 2124 804 emptori
2157 709 2436 802 refigere
2461 708 2511 748 ¹⁹

390 811 652 900 liceret,
692 814 1318 908 triumphabantque
1358 819 1556 887 etiam
1593 814 1874 885 dominis
1910 815 2176 883 mutatis
2211 815 2366 908 ipsae
2403 813 2512 885 do-

391 943 574 988 mus:
598 934 666 989 et
698 935 839 988 erat
870 919 1011 989 haec
1036 919 1442 994 stimulatio
1423 947 1685 1017 ingens,
1720 921 2270 1041 exprobrantibus
2298 922 2509 1008 tectiS,

389 1026 679 1118 quotidie
730 1024 1059 1094 imbellem
1122 1026 1487 1096 dominum
1509 1030 1756 1096 intrare
1811 1028 1879 1094 in
1932 1023 2215 1094 alienum
2273 1027 2502 1094 trium-

389 1129 620 1224 phum.
656 1133 885 1200 Exstat
925 1131 1225 1201 Messalae
1260 1136 1540 1203 oratoris
1567 1131 1962 1227 indignatio,
2006 1155 2136 1224 qua
2171 1131 2511 1222 prohibuit
2549 1141 2581 1196 5

392 1235 588 1305 inseri
627 1238 806 1330 genti
844 1261 976 1306 suae
1024 1237 1498 1307 Levinorum²⁰
1540 1239 1818 1308 alienam
1858 1237 2232 1330 imaginem.
2277 1237 2512 1307 Similis

391 1365 585 1410 causa
614 1341 915 1411 Messalae
940 1344 1076 1410 seni
1107 1345 1425 1436 expressit
1451 1344 1790 1413 volumina
1821 1342 1930 1411 illa
1951 1393 1971 1425 .,
2001 1364 2148 1434 quae
2187 1338 2270 1407 de
2305 1344 2512 1410 Fami·

386 1444 487 1515 liis
504 1446 1025 1550 condidit,quum
1044 1448 1367 1546 Scipionis
1381 1451 1542 1518 Pom
1550 1449 1866 1543 poniani²¹
1883 1447 2220 1516 transisset
2242 1446 2512 1536 atrium,

475 1638 498 1673 ι
512 1623 566 1672 8.
593 1619 896 1670 Domitarum
912 1621 1125 1688 gentium
1152 1619 1404 1689 imagines.

388 1697 546 1752 Prius
578 1696 872 1767 legebatur,
925 1701 1187 1750 animorum
1236 1703 1407 1768 ingen-

388 1782 507 1829 tium
553 1779 801 1845 imagines.
839 1777 1112 1829 Pintianus
1153 1778 1407 1848 conjicie-

388 1857 513 1930 bat,
546 1857 809 1907 alienarum
837 1859 1069 1924 gentium.
1101 1853 1279 1919 Alius,
1318 1861 1408 1909 mi-

1497 1625 1607 1674 622
1643 1639 1658 1674 ε
1696 1647 1719 1669 ι
1745 1619 1886 1672 Fixit
1931 1621 2072 1690 leges
2105 1617 2283 1692 pretio
2303 1656 2320 1683 ,
2349 1613 2514 1692 inque

1491 1699 1716 1753 refixit.»
1751 1699 1908 1751 Prius
1939 1700 2198 1766 refringere
2229 1697 2514 1766 legebatur,

1492 1778 1699 1833 vitiose.
1723 1779 1786 1830 In
1816 1778 1946 1848 Reg.
1981 1797 2034 1838 α,
2065 1777 2297 1844 refiegen.
2321 1777 2391 1828 H.

1573 1877 1664 1912 πο.
1692 1858 1992 1908 Leoinorum.
2014 1856 2060 1906 E
2087 1866 2242 1926 gente
2263 1855 2510 1918 Valeria,
2521 1853 2528 1859 ⁰

388 1955 555 1988 norum
582 1938 817 2004 gentium.
840 1935 903 2000 In
921 1936 1051 2006 Reg.
1081 1954 1132 1998 2,
1151 1938 1405 1988 amicorum
1488 1955 1552 1989 ex
1577 1955 1678 2008 qua
1699 1949 1752 1990 et
1781 1937 2014 1988 Messala
2045 1933 2392 2006 prodierunt:
2417 1896 2510 1988 sed

384 2019 616 2084 gencium.
650 2016 713 2066 In
744 2014 980 2068 Colbert
1008 2016 1060 2079 3,
1090 2013 1399 2070 danicorum.

388 2091 547 2147 Unde
576 2091 721 2146 haud
756 2091 918 2145 dubia
958 2094 1293 2163 conjectura,
1320 2095 1403 2147 do-

390 2177 609 2225 mitarum
633 2171 852 2226 fecimus
868 2209 882 2229 ‚
905 2189 1069 2243 quum
1086 2173 1153 2226 sit
1173 2191 1288 2226 mos
1310 2173 1401 2227 ille

390 2243 657 2323 hodieque
688 2264 970 2322 receptus,
1012 2251 1105 2322 qui
1143 2253 1249 2323 jam
1286 2265 1398 2305 tum

388 2331 445 2383 in
480 2349 579 2384 usu
623 2330 749 2392 fnit,
786 2343 846 2383 ut
896 2331 1134 2383 hostibus
1166 2329 1399 2385 detracta

390 2409 595 2480 spolia,
619 2410 894 2480 signaque,
928 2409 1083 2462 affixa
1124 2407 1397 2472 domibus,

390 2486 713 2541 domitarum
743 2489 981 2558 gentium
1017 2489 1257 2559 symbola
1292 2491 1401 2544 sint

390 2580 443 2619 et
485 2580 807 2637 argumenta.
842 2568 1053 2630 Livius,
1086 2568 1173 2620 Χ·
1200 2568 1401 2634 ⁸·Quo

386 2665 507 2700 rum
534 2645 721 2700 domos
747 2647 931 2717 spoliis
962 2647 1201 2701 hostium
1231 2649 1401 2702 affixis

387 2725 619 2795 insignes
678 2727 817 2778 inter
884 2725 1007 2779 alias
1074 2727 1318 2780 feceritis.
1369 2752 1392 2773 n

388 2804 507 2858 Lib.
528 2805 717 2857 XXIII
746 2822 761 2857 :
792 2827 814 2849 ι
832 2799 952 2871 ¹Qui
976 2805 1145 2876 spolia
1166 2823 1232 2858 ex
1250 2806 1401 2860 hoste

384 2884 495 2937 fixa
532 2880 681 2935 domi
719 2883 992 2935 haberent.
1021 2909 1043 2930 ι
1084 2886 1302 2938 Sueton.
1344 2887 1399 2938 in

386 2963 627 3023 Nerone,
652 2979 863 3014 xxxvnt
883 3001 899 3024 ,
923 2961 1015 3013 ubi
1032 2960 1101 3015 de
1128 2962 1293 3016 Urbis
1319 2963 1401 3017 in-

388 3039 584 3095 cendio
610 3057 625 3093 :
658 3063 679 3084 ⁸
702 3043 858 3094 Tunc
875 3053 1064 3110 prater
1083 3042 1401 3096 immensum

386 3139 673 3173 numerum
707 3120 1027 3185 insularum,
1067 3119 1259 3174 domus
1293 3123 1401 3191 pri-

386 3215 597 3253 scorum
624 3198 822 3252 ducum
844 3213 1100 3266 arserunt,
1122 3200 1401 3258 hostilibus

386 3276 563 3332 adhuc
582 3279 761 3349 spoliis
776 3277 1046 3332 adornato
1060 3319 1079 3340 ,
1104 3292 1201 3333 etc.
1215 3280 1403 3336 ..vidit

384 3357 489 3412 hoc
511 3376 725 3430 quoque
744 3359 1065 3413 Gronovius.
1087 3359 1267 3414 Hann.

475 3455 564 3506 19.
601 3435 835 3507 Restgem.
868 3438 1139 3491 Revellere
1159 3477 1175 3504 ,
1224 3437 1399 3492 detra·

390 3516 519 3568 here
556 3515 659 3569 fixa
697 3517 753 3568 in
788 3516 1007 3570 sublimi
1044 3517 1182 3572 loce.
1213 3519 1400 3572 Cicero

392 3595 547 3665 epist.
581 3594 647 3648 ad
683 3595 867 3648 Famil.
912 3597 1047 3658 x11‚
1074 3615 1095 3650 ι
1129 3617 1142 3649 t
1182 3624 1205 3646 ι
1237 3597 1401 3668 Cujus

392 3691 495 3726 nra
514 3675 733 3746 refigere
755 3673 1098 3742 debebamus,
1110 3677 1222 3747 ejus
1240 3677 1401 3730 etiam

390 3751 738 3824 chirographa
756 3751 1091 3808 defendimus
1104 3755 1159 3806 Ρ»
1180 3756 1248 3808 Et
1270 3755 1395 3808 Phi·

394 3829 523 3901 tipp.
556 3833 681 3896 xn,
721 3854 777 3886 n.
810 3853 875 3888 η
905 3855 917 3885 =
954 3833 1138 3888 «Num
1168 3835 1397 3905 figantur

394 3927 575 3963 rursus
590 3911 673 3966 ha
701 3912 891 3966 tabulae
908 3951 925 3978 ‚
945 3931 1077 3984 quas
1100 3933 1192 3966 vos
1220 3913 1399 3968 decre-

392 3986 460 4038 tis
478 3991 659 4042 vestris
676 3993 934 4046 refixistis.
948 4018 970 4039 ι
1000 3993 1147 4063 Vin-g.
1172 3995 1397 4060 AEn.vl,

1487 2015 1703 2069 familia
1731 2013 1974 2069 diversa.
1998 2015 2064 2066 Η.
2098 2045 2174 2055 -
2203 2013 2510 2066 laeoe‘norum.

1484 2095 1630 2148 Brot.
1667 2095 1985 2146 Loevinorum.
2007 2095 2070 2145 In
2099 2093 2332 2145 nummis
2363 2094 2506 2146 enim

1486 2173 1758 2245 Fastisque
1773 2172 2088 2244 Capitolinis
2112 2189 2378 2225 vannius
2388 2191 2514 2224 nn-

1483 2270 1668 2306 vurvs.
1688 2253 1791 2306 En.

1568 2353 1598 2386 α
1612 2351 1632 2386 x
1646 2373 1660 2384 .
1705 2333 1866 2403 Quum
1899 2331 2138 2402 Scipionis
2169 2330 2510 2398 Pomlmm'am‘.
2557 2385 2570 2398 ,

1482 2409 1548 2463 Id
1572 2412 1622 2465 ei
1658 2429 1948 2482 cognomen
1978 2429 2008 2463 a
2039 2407 2336 2482 Pomponio
2369 2409 2511 2461 obti-

1484 2490 1620 2561 gisse
1639 2489 1902 2560 signifieat
1919 2528 1934 2553 ‚
1959 2487 2175 2542 bomine
2203 2486 2505 2558 pradis-ite,

1483 2571 1636 2640 cujus
1674 2569 1836 2622 filiam
1879 2567 2108 2620 duxisset
2154 2587 2372 2620 uxorem
2411 2587 2426 2618 τ
2459 2581 2514 2620 et

1483 2651 1637 2718 eujus
1663 2659 1974 2710 testamento
2013 2647 2179 2701 factus
2202 2647 2369 2699 haeres
2399 2645 2512 2699 Sci·

1482 2726 1579 2799 pio
1613 2727 1785 2780 fuerat
1802 2767 1818 2792 ,
1849 2737 1908 2778 ut
1935 2724 2284 2797 Pomponiani
2312 2745 2508 2779 nomen

1483 2819 1796 2860 assumeret.
1821 2803 2011 2857 Eidem
2040 2815 2213 2858 autem
2239 2805 2474 2876 Scipioni
2496 2843 2510 2868 ,

1485 2885 1716 2938 fortassis
1740 2904 1771 2938 a
1797 2895 2014 2956 parente
2046 2897 2327 2955 acceptum
2354 2884 2511 2936 etiam

1486 2963 1770 3019 Salutionis
1791 2979 2084 3033 cognomen
2103 2963 2271 3025 haesit,
2300 2964 2371 3015 ob
2397 2963 2516 3031 vul·

1485 3056 1571 3096 tus
1612 3041 2045 3108 similitudinem,
2087 3057 2146 3095 ut
2187 3041 2385 3094 dictum
2430 3055 2515 3095 est

1484 3123 1622 3186 vn,
1651 3141 1740 3176 ιο.
1760 3151 1839 3167 ....
1861 3121 2194 3191 Pomponiani.
2234 3121 2324 3174 Sic
2354 3123 2508 3177 MSS.

1484 3203 1621 3273 Reg.
1654 3221 1682 3252 ι
1703 3239 1720 3267 ,
1751 3197 1904 3254 colb.
1941 3201 1972 3253 3
1993 3239 2009 3265 ‚
2036 3201 2316 3272 ceterique
2342 3220 2355 3256 :
2382 3204 2513 3255 Par·

1488 3280 1684 3334 mensis
1718 3297 1934 3351 qnoque
1973 3275 2138 3334 editio
2155 3321 2170 3346 ,
2197 3293 2251 3333 et
2279 3283 2394 3336 alise
2419 3299 2513 3335 ve-

1484 3361 1732 3414 tustiores
1763 3359 2070 3414 Hermolao.
2095 3361 2208 3414 Cur
2232 3359 2284 3412 id
2309 3377 2510 3415 nomen

1484 3441 1542 3492 in
1567 3440 1801 3508 Africani
1825 3451 2002 3510 postea
2034 3437 2366 3494 immutat-int
2387 3480 2403 3507 ,
2432 3441 2511 3490 in·

1482 3533 1710 3574 eertum.
1733 3519 1950 3572 Factum
1969 3537 2092 3572 sane
2114 3532 2311 3573 temere
2329 3531 2380 3571 et
2401 3519 2510 3568 im-

1484 3599 1669 3672 perite.
1707 3599 1835 3651 Mox
1866 3616 1993 3651 vero
2029 3617 2093 3653 ex
2126 3596 2312 3650 iisdem
2351 3595 2511 3648 MSS.

1486 3675 1784 3741 edidimus,
1821 3703 1843 3726 ι
1874 3679 2172 3732 Salutiones
2205 3674 2342 3734 (hoc
2367 3673 2510 3726 enirn

1482 3758 1532 3810 ei
1562 3757 1730 3812 fuerat
1753 3753 2108 3827 cognomen),
2136 3753 2506 3804 Africanorum

1482 3833 1742 3890 dedeoore
1767 3837 2058 3906 irrepentes
2076 3831 2385 3901 Scipionum
2415 3849 2513 3884 no-

1487 3916 1639 3969 mini.
1667 3940 1689 3961 ο
1721 3914 1904 3980 Quum
1936 3913 2068 3965 libri
2090 3909 2282 3980 vulgati
2314 3927 2425 3979 pra
2454 3929 2512 3964 se

1487 3993 1688 4058 ferant,
1731 4019 1754 4042 ι
1790 3991 2077 4047 solutionis
2107 3984 2246 4051 (hoc
2279 3989 2420 4041 enirn
2461 3991 2513 4044 ei
