2975 4684
1054 435 1405 586 ‘melin
1456 487 1820 558 xxxiv,

2389 486 2512 583 187

398 617 615 715 lyclen'
662 618 1021 714 discipulus
1060 620 1379 692 Aristides
1417 620 1803 716 quadrigas,
1851 618 2180 714 bigasque.
2234 618 2512 688 Tisicra-

400 711 518 795 tis⁶
558 728 799 796 Leaena
836 725 1155 816 laudatur.
1190 727 1537 797 Scortum⁷
1595 727 1736 794 haec
1773 724 1927 819 lyrae
1960 738 2162 794 cantu
2191 723 2513 794 familiare

398 831 762 900 Harmodio
789 845 857 900 et
878 832 1332 926 Aristogitoni,
1371 831 1643 903 consilia
1669 855 1900 900 eorum
1927 829 2011 898 de
2037 831 2506 924 tyrannicidio,

398 959 605 1030 usque
649 935 732 1004 ad
774 953 1055 1006 mortem
1114 940 1489 1008 excruciata
1533 963 1570 1008 a
1622 937 1912 1032 tyrannis
1937 989 1956 1022 ,
2017 961 2153 1005 non
2195 937 2502 1030 prodidit.

396 1041 847 1130 Quamobrem
891 1044 1313 1114 Athenienses
1348 1059 1415 1114 et
1450 1045 1776 1114 honorem
1805 1041 2050 1110 habere
2082 1044 2144 1110 ei
2180 1040 2504 1129 volentes,

396 1171 519 1216 nec
558 1162 777 1217 tamen
814 1165 1109 1218 scortum
1147 1149 1541 1236 celebrasse,
1578 1145 1819 1220 animal
1861 1147 2144 1215 nominis
2188 1133 2363 1238 ejus⁸
2399 1149 2499 1216 fe-

396 1276 543 1322 cere
574 1279 589 1320 :
630 1268 827 1348 atque
861 1268 937 1323 ut
970 1253 1447 1350 intelligeretur
1474 1281 1670 1326 causa
1698 1253 2009 1338 honoris,
2053 1253 2120 1318 in
2157 1275 2357 1346 opere
2387 1251 2504 1321 lin-

396 1381 590 1451 guam
632 1359 785 1428 addi
812 1360 897 1428 ab
927 1360 1181 1429 artifice
1208 1373 1581 1428 vetuerunt.

494 1466 763 1556 Bryaxis
831 1462 1277 1557 AEsculapium
1319 1479 1388 1532 et
1432 1463 1782 1533 Seleucum
1825 1459 2034 1530 fecit9.
2084 1461 2294 1530 Bedas
2347 1461 2502 1529 ado·
2543 1487 2608 1544 αις

387 1655 685 1726 Sophocles
713 1656 759 1708 si
783 1655 839 1708 in
866 1657 1185 1710 athletarum
1210 1657 1405 1726 proba·-

1492 1656 1700 1727 Βρύαξις
1751 1654 1834 1708 καὶ
1875 1656 2028 1720 αὐτὸ,
2069 1655 2153 1708 καὶ
2193 1655 2282 1714 τὴν
2307 1645 2508 1727 ·Ῠγίιιαν

387 1734 541 1788 tione
570 1731 804 1798 dixisset,
834 1736 971 1805 justa
996 1735 1407 1806 reprehensione
1493 1735 1740 1792 ὅτι-οἴησιν.
1770 1759 1794 1783 ι
1811 1734 2096 1806 AEsculapii
2127 1753 2258 1788 vero
2297 1747 2352 1788 et
2391 1735 2504 1807 Hy-

388 1812 657 1866 csruisset.
686 1839 709 1861 ι
728 1813 1029 1868 Turnebus.
1045 1815 1182 1868 Du..
1200 1847 1279 1858 —-
1296 1815 1404 1868 En·

387 1893 694 1945 asinanum.
722 1882 1097 1964 ὲγιιρινόμινος,
1124 1894 1181 1947 in
1214 1895 1401 1965 primis

385 1971 728 2042 approbatus,
748 1973 951 2025 ceteris
976 1973 1235 2042 prolatus.
1262 1973 1331 2028 H.

466 2053 520 2104 6.
582 2051 851 2103 Tim-ratis.
911 2051 1055 2122 Typi
1133 2051 1395 2106 hactenus

384 2130 759 2200 protulerunt,
784 2131 857 2182 Et
872 2131 1140 2201 Iphicratis.
1163 2132 1239 2185 At
1254 2132 1397 2186 idem

384 2225 541 2280 supra
580 2208 889 2263 Tisieratem
934 2209 1189 2264 laudavit.
1228 2213 1293 2264 H.
1317 2243 1397 2254 —

382 2287 531 2340 Brot.
555 2307 617 2340 ex
640 2287 725 2342 ed.
746 2307 831 2359 pr.
854 2291 1127 2359 Iphicratis.
1156 2291 1259 2344 En.

465 2385 518 2436 7.
545 2366 780 2421 Scortum.
813 2369 997 2421 Refert
1033 2369 1147 2422 haec
1177 2387 1395 2440 quoque

384 2439 455 2496 de
480 2446 661 2499 Lecna
690 2447 1048 2500 Athen..X111
1064 2487 1079 2512 ‚
1106 2467 1221 2520 pag.
1255 2447 1390 2519 596.

384 2522 523 2575 Item
558 2526 773 2579 Pausan.
819 2526 987 2580 Attic.
1030 2528 1085 2590 1,
1126 2546 1247 2598 pag.
1296 2531 1391 2592 48.

386 2601 543 2655 Conf-
568 2623 783 2677 quoque
804 2605 943 2670 vn,
968 2607 1059 2661 23.
1082 2605 1261 2661 Hnm.

462 2683 517 2736 8.
545 2685 753 2736 Animal
790 2685 991 2737 nominis
1021 2688 1137 2754 ejus.
1186 2687 1393 2758 Nempe

380 2759 615 2814 ienuam.
633 2763 776 2816 Plut.
793 2761 861 2814 de
874 2763 1085 2817 Gari-nl.
1104 2785 1223 2837 pag.
1246 2765 1353 2820 505
1376 2789 1392 2832 3

378 2839 471 2891 ubi
494 2857 611 2892 rem
644 2841 847 2911 prolixe
872 2855 1076 2906 narrat,
1104 2855 1158 2896 et
1180 2845 1391 2916 elegan-

376 2929 457 2971 ter
508 2915 731 2987 quidem
766 2936 781 2970 :
822 2911 1045 2975 Amatae
1095 2916 1154 2973 δὲ
1207 2931 1390 2991 χαλκῆν

376 2997 700 3065 ποιησάμενοι
742 3000 967 3061 λέαιναν,
1013 2999 1295 3069 ἄγλωσσον,
1340 3006 1387 3056 ἂν

377 3079 553 3136 πύλαις
572 3079 661 3135 τῆς
684 3076 985 3145 ἀκροπόλεως
1000 3079 1233 3135 ἀνέθηκαν
1249 3121 1265 3145 ,
1290 3093 1388 3135 etc.

376 3153 661 3208 Calamidis
697 3154 755 3208 id
784 3175 921 3226 opus
948 3157 1137 3222 fuisse,
1166 3178 1228 3212 ex
1259 3161 1393 3212 alio-

376 3251 495 3285 rum
524 3235 929 3299 asseveratione,
948 3255 1011 3291 ae
1032 3239 1389 3306 probabiliore

378 3311 575 3373 sonna,
602 3313 765 3367 refert
794 3315 1015 3370 Pausan.
1046 3317 1101 3370 in
1134 3319 1292 3372 Attio.
1325 3320 1383 3385 1,

376 3407 497 3461 pag.
521 3399 609 3455 40.
634 3392 816 3448 Hau).

448 3489 505 3538 9.
543 3471 757 3542 Baeyaaezs
776 3473 1113 3544 AEscuhpe‘nm
1151 3489 1201 3528 et
1220 3476 1387 3530 Seleu·-

375 3565 477 3600 oem
494 3551 637 3617 feeit.
688 3551 777 3605 Sic
814 3553 941 3605 libri
979 3573 1192 3619 omnes,
1226 3557 1381 3609 etiam

372 3625 519 3680 MSS.
546 3630 877 3700 Temperare
900 3631 1033 3684 mihi
1065 3646 1239 3686 tamen
1271 3653 1381 3688 non

374 3723 537 3775 queo,
563 3709 695 3780 quin
725 3711 1113 3780 conjecturam,
1140 3731 1259 3782 quai
1288 3732 1381 3766 oo-

374 3787 535 3842 ourrit
552 3789 733 3841 animo
746 3827 763 3853 ,
784 3789 1245 3862 suspicionemque
1264 3811 1385 3862 pro·

375 3861 495 3918 dam
517 3884 531 3918 ε
560 3881 609 3919 ει
650 3869 853 3920 salutem
888 3869 1088 3922 seilicet
1105 3910 1120 3935 ,
1149 3889 1307 3942 quam
1334 3885 1383 3925 st

377 3940 609 3998 Qucum
642 3947 745 4016 legi
792 3948 1007 4001 fortasse
1052 3950 1381 4005 commodius

376 4037 535 4088 ponae.
575 4027 709 4079 Nam
738 4027 1017 4080 Pausanias
1042 4029 1097 4080 in
1128 4029 1291 4084 Attic.
1322 4033 1375 4092 1,

374 4115 491 4169 με.
522 4105 623 4172 75:
651 4111 747 4157 Τοῦ
778 4103 839 4158 δὲ
868 4099 1151 4164 Ᾰσιιληπιοῡ
1173 4109 1378 4182 ἄγαλμα

1487 1814 1586 1886 gio
1623 1807 1757 1884 (hoc
1780 1826 1888 1878 est,
1917 1815 2186 1880 Sanitatis,
2215 1813 2324 1866 sive
2353 1814 2512 1868 Salu-

1486 1893 1554 1946 tis
1567 1889 1610 1958 )‚
1661 1893 1804 1962 signa
1857 1893 2011 1957 feeit,
2036 1919 2058 1941 a
2105 1911 2224 1965 quai
2274 1893 2507 1964 Megaris⁴

1484 1986 1654 2026 erant.
1693 1971 1770 2024 Ex
1815 1970 2010 2025 eodem
2053 1985 2278 2043 uterque
2320 1973 2496 2038 fonte,

1482 2051 1764 2106 Pausanias
1835 2051 2144 2122 Pliniusque
2165 2091 2181 2116 ,
2266 2052 2500 2105 hausisse

1482 2130 1624 2184 istud
1661 2143 1880 2201 possunt
1914 2129 2101 2182 videri.
2135 2130 2280 2184 Alias
2318 2131 2499 2202 appel-

1479 2209 1580 2262 lari
1611 2209 1939 2280 conjunctim
1963 2211 2122 2261 ambo
2149 2209 2289 2262 soliti
2315 2213 2497 2262 AEscu-

1480 2288 1677 2359 lapius‚
1712 2301 1764 2342 et
1803 2288 1994 2358 Hygia.
2013 2289 2183 2340 Vetus
2219 2288 2498 2357 inscriptio

1480 2367 1626 2438 apud
1651 2367 1964 2432 Gruterum,
1985 2387 2104 2439 pag.
2129 2370 2228 2437 67:
2251 2381 2502 2420 mevu-

1481 2463 1590 2499 1’10.
1621 2465 1712 2500 rr.
1739 2465 1966 2500 uteru.
1997 2445 2156 2518 Apud
2177 2446 2498 2511 Reinesium,

1480 2542 1538 2594 p.
1578 2525 1720 2579 152:
1751 2543 2084 2579 Ansovnarro.
2112 2543 2406 2579 utronno·
2435 2543 2492 2578 n.

1480 2621 1568 2657 rr.
1595 2622 1682 2656 ιτ.
1711 2622 1914 2657 siun.
1942 2604 2012 2656 Et
2037 2625 2094 2675 p.
2129 2605 2236 2658 156
2268 2626 2283 2657 t
2308 2623 2496 2658 auser-

1478 2701 1662 2736 urio.
1698 2701 1786 2737 ιτ.
1812 2701 2082 2737 simum.
2113 2683 2371 2754 Epidauri
2409 2685 2494 2736 vel

1480 2761 1648 2826 socia,
1671 2763 1859 2826 vel,ut
1887 2762 2004 2816 aliis
2026 2763 2228 2833 placet,
2245 2764 2352 2817 filia
2379 2763 2492 2834 Hy·

1476 2840 1564 2912 gia
1585 2841 1708 2894 fuit.
1734 2841 1871 2894 Hinc
1897 2842 2154 2912 templum
2181 2842 2368 2895 Salutis
2393 2845 2496 2893 Ro·

1478 2939 1606 2984 mn,
1635 2933 1763 2974 teste
1783 2921 2060 2987 Vitruvio,
2087 2921 2114 2972 1
2130 2961 2145 2986 ,
2173 2941 2223 2974 s.
2239 2922 2378 2974 Fana
2399 2920 2492 2973 Sa-

1474 2999 1604 3052 lutis
1633 2999 1770 3064 duo,
1793 3001 2011 3070 regione
2045 3013 2186 3054 sexta
2219 3021 2234 3052 2
2271 3013 2324 3054 et
2348 3000 2494 3053 vicus

1477 3079 1692 3137 Salutis.
1737 3091 1791 3132 et
1829 3079 1990 3132 Porta
2031 3079 2280 3132 Salutaris
2327 3081 2394 3132 ab
2433 3097 2494 3134 ea

1475 3159 1744 3211 nominata
1769 3175 1785 3210 ε
1831 3172 1884 3212 et
1916 3157 2060 3230 apud
2078 3161 2378 3212 Varronem
2423 3157 2492 3212 de

1472 3237 1630 3307 Ling.
1673 3237 1788 3290 Lat.
1821 3239 1904 3290 IV
1925 3257 1942 3291 t
1969 3264 1992 3286 ι
2013 3239 2177 3292 Collis
2210 3239 2492 3303 Salutaris,

1474 3316 1532 3367 in
1561 3316 1829 3383 Quirinali
1877 3317 2028 3370 colle.
2063 3343 2086 3366 ι
2127 3316 2232 3372 Sed
2261 3337 2332 3372 ne
2361 3317 2490 3390 quid

1473 3407 1650 3449 tamen
1690 3395 1748 3449 in
1783 3408 2040 3450 contextu
2078 3398 2327 3452 Pliniano
2371 3417 2490 3450 rno-

1472 3493 1646 3541 venn,
1668 3491 1858 3546 prater
1883 3495 2197 3531 eonsensum
2223 3475 2494 3538 codicum,

1470 3571 1499 3605 a
1545 3555 1738 3625 quibus
1791 3555 2078 3610 desciscere
2131 3555 2320 3624 religio
2371 3564 2450 3604 est
2466 3590 2483 3615 ο

1468 3631 1612 3686 idem
1626 3635 1906 3688 Pausanias
1920 3636 2172 3706 prohibet
2181 3671 2200 3698 ,
2218 3631 2312 3702 qui
2323 3629 2487 3682 Athe·

1466 3713 1550 3766 nis
1577 3731 1774 3769 eneam
1795 3715 2002 3769 Seleuci
2033 3726 2258 3767 statuam
2292 3709 2348 3759 in
2371 3709 2490 3760 1³oe-

1468 3790 1569 3846 cile
1616 3795 1832 3864 porticu
1877 3794 2037 3846 fnisse
2075 3799 2488 3853 commemorat,

1466 3871 1634 3926 Attic.
1671 3893 1788 3944 pag.
1839 3877 1906 3934 14
1923 3912 1938 3935 ,
1965 3870 2062 3924 etn'
2088 3865 2343 3920 artificem
2379 3883 2487 3919 non

1466 3953 1716 4020 appellat.
1769 3955 1849 4004 De
1899 3941 2302 4002 Atheniensium
2361 3963 2490 4000 vero

1466 4029 1692 4082 civitatis
1721 4027 2045 4083 ornamentis
2074 4025 2183 4076 fere
2205 4021 2489 4079 Pliniuseo

1467 4107 1570 4160 loci
1594 4109 1717 4175 agit.
1753 4106 1933 4157 liano.
1963 4137 2043 4148 --
2075 4101 2410 4170 AEsculapium
2444 4119 2496 4155 es
