2975 4684
1026 401 1100 465 C.
1155 399 1489 469 PLINII
1535 397 1748 467 NAT.
1803 400 2058 468 HIST.

488 529 603 622 qui
634 530 953 598 Samnites
993 527 1092 596 bis
1132 529 1498 617 devicerat,
1543 545 1866 649 captaque
1891 530 2226 624 Anagnia,
2269 529 2590 625 populum

486 632 809 760 stipendio
865 630 1275 704 liberaverat.
1324 639 1511 709 Inter
1563 637 2042 730 antiquissimas
2099 649 2254 706 sunt
2299 650 2366 706 et
2415 636 2589 707 Tulli

490 723 766 808 Cloelii⁸⁸
787 789 806 822 ,
869 739 1057 806 Lucii
1112 742 1374 830 Roscii,
1425 746 1642 841 Spurii
1707 743 1932 812 Nautii
1951 793 1969 828 ,
2039 743 2118 810 C.
2183 743 2235 810 F
2237 739 2458 810 ulcmn
2522 743 2589 810 in

484 841 766 925 RostriS,
812 867 849 910 a
876 842 1359 916 Fidenatibus'⁹
1392 849 1459 918 in
1506 850 1830 947 legatione
1880 843 2395 917 interfectorum.
2443 850 2592 918 Hoc

483 969 521 1012 a
558 945 896 1038 republica
927 950 1123 1018 tribui
1152 951 1447 1022 solebat
1432 957 1670 1050 injuria
1705 955 1923 1038 caesiS,
1948 953 2116 1023 sicut
2142 967 2209 1021 et
2234 955 2303 1020 P.
2327 949 2592 1022 Junio²⁰

482 1063 549 1118 et
588 1053 740 1121 Tito
780 1057 1235 1142 Coruncanio,
1291 1060 1403 1151 qui
1457 1062 1543 1129 ab
1594 1059 1883 1129 Teuca²¹
1943 1056 2316 1152 Illyriorum
2365 1059 2594 1153 regina

480 1157 811 1228 interfecti
848 1177 1051 1230 erant.
1096 1165 1245 1231 Non
1280 1167 1717 1235 omittendum
1760 1163 2055 1246 videtur,
2098 1163 2277 1256 quod
2307 1162 2594 1233 Annales

415 1275 446 1334 ⁴
483 1279 917 1350 mulctavere,
967 1268 1373 1362 tripedaneas
1396 1271 1498 1342 his
1529 1287 1776 1341 statuas
1797 1270 1864 1338 in
1901 1271 2071 1338 Foro
2101 1282 2398 1338 statutas.
2433 1273 2594 1338 Haec

484 1367 788 1441 videlicet
820 1396 1125 1442 mensura
1152 1373 1476 1444 honorata
1511 1393 1674 1447 tunc
1703 1389 1862 1446 erat.
1900 1377 2058 1445 Non
2087 1374 2438 1468 praeteribo
2461 1379 2590 1444 Cn.

486 1477 905 1548 Octavium²²¹
928 1479 1015 1546 ob
1053 1503 1255 1547 unum
1294 1479 1542 1552 scilicet
1575 1483 1900 1552 verbum:
1959 1511 1994 1546 α
2026 1481 2152 1550 hic
2193 1505 2414 1575 regem
2457 1482 2592 1548 An-

492 391 625 466 150

483 1647 648 1702 ditsm
682 1649 809 1712 448.
842 1646 1047 1712 Livius,
1070 1649 1208 1712 Vn,
1239 1667 1297 1720 p.
1330 1653 1439 1705 168
1471 1671 1487 1704 τ

490 1755 512 1776 ι
541 1725 769 1778 Marcius
794 1725 860 1778 de
888 1727 1126 1780 Hernicis
1151 1727 1491 1799 triumphans

482 1810 537 1861 in
570 1803 770 1856 Urbem
804 1801 993 1870 rediit3
1030 1817 1306 1877 statuaque
1336 1826 1492 1879 eque-

481 1883 601 1939 stris
626 1883 682 1934 in
712 1883 829 1935 foro
856 1879 1065 1938 decreta
1093 1897 1171 1937 est
1186 1924 1201 1948 ,
1230 1904 1348 1956 quae
1368 1900 1491 1940 ante

482 1962 737 2032 templum
762 1961 992 2016 Castoris
1014 1964 1185 2033 posita
1210 1977 1305 2018 est.
1325 1990 1348 2013 ι
1378 1967 1447 2019 Η.

504 2062 511 2068 ·
566 2059 587 2093 ι
602 2039 819 2095 &Tullii
839 2040 1017 2094 Cloetsi.
1034 2043 1113 2096 Ita
1136 2044 1262 2112 Reg.
1290 2063 1339 2106 a,
1358 2063 1492 2112 non,

483 2133 542 2173 ut
570 2117 732 2183 editi,
767 2119 928 2173 Coets‘i.
962 2119 1140 2174 Exstat
1174 2121 1230 2174 in
1259 2121 1489 2176 Cimelio

481 2200 688 2272 collegii
714 2197 879 2252 nostri
910 2200 1212 2254 parisiensis
1238 2219 1494 2254 nummus

482 2279 711 2334 Cloulia
742 2295 837 2332 seu
875 2278 1069 2331 Cloeliae
1102 2281 1271 2348 gentis
1310 2281 1494 2333 inscri-

482 2374 605 2432 ptus
642 2377 727 2412 n..
766 2374 989 2420 οιονιι,
1027 2357 1131 2411 hoc
1178 2371 1285 2420 est,
1339 2359 1494 2412 Tullia·

488 2439 695 2504 Chuni,
714 2456 820 2489 non
842 2435 967 2487 Titi.
982 2437 1239 2490 Ciceroin
1255 2437 1489 2509 Philipp.

482 2521 594 2584 lx,
620 2537 673 2569 ιι.
706 2515 791 2568 5:
824 2514 1056 2586 «Atque
1080 2516 1205 2570 huic
1246 2528 1300 2568 et
1328 2517 1489 2570 Tullo

484 2597 657 2651 Clivio
692 2583 839 2664 (lege
866 2591 1096 2658 Cloelio),
1123 2609 1175 2648 et
1198 2595 1258 2648 L.
1278 2596 1494 2662 Roscio,

484 2689 536 2730 et
555 2679 645 2746 Sp.
670 2675 831 2728 Antio
864 2669 1001 2744 (lege
1020 2693 1231 2728 rursum
1252 2671 1491 2741 Nautio),

482 2770 537 2809 et
555 2755 617 2808 C.
646 2752 887 2808 Fulcinio
910 2755 1004 2823 qui
1031 2773 1061 2805 a
1080 2752 1383 2816 Veientium
1406 2773 1494 2808 re·

480 2854 546 2906 ge
572 2836 688 2888 caesi
713 2846 833 2886 sunt
848 2873 865 2896 ,
889 2849 999 2885 non
1022 2832 1229 2902 sanguis
1248 2832 1340 2902 qui
1370 2851 1494 2904 pro-

481 2916 631 2968 fusus
663 2924 742 2966 est
778 2913 833 2964 in
860 2923 1063 2973 morte,
1093 2909 1186 2964 sed
1209 2911 1321 2982 ipsa
1350 2929 1494 2966 mors

480 2997 550 3046 ob
564 2990 947 3064 rempublicam
961 2989 1103 3042 obita
1114 2989 1315 3042 honori
1332 2990 1449 3045 fuit.
1462 3017 1485 3042 ι

566 3090 655 3140 ι9.
697 3073 751 3124 A
792 3070 1127 3122 Fidenatibus.
1158 3069 1347 3122 Cicero
1374 3069 1492 3124 loco

478 3151 637 3206 citato
664 3149 733 3203 de
772 3149 855 3202 bis
887 3149 1013 3221 ipsis
1041 3166 1195 3218 agens
1225 3167 1374 3202 num.
1410 3157 1487 3214 4.
1474 3167 1488 3180 ·

486 3256 508 3278 ι
536 3231 717 3284 Lei-tes
738 3229 1053 3282 Tolumnius
1072 3245 1165 3280 rex
1182 3227 1492 3282 Veientium

478 3321 705 3380 quatuor
743 3308 937 3378 legatos
977 3304 1161 3378 populi
1187 3307 1249 3358 R.
1276 3305 1493 3360 Fidenis

478 3388 743 3442 interemit
773 3407 787 3440 :
820 3403 1047 3458 quorum
1084 3398 1267 3438 statuae
1298 3385 1353 3438 in
1379 3388 1487 3439 Ro-

477 3469 599 3521 stris
631 3479 917 3528 steterunt,
959 3482 1123 3536 usque
1154 3463 1219 3516 ad
1255 3477 1487 3518 nostram

478 3547 841 3599 memoriam.»
877 3545 1046 3598 Fuere
1074 3545 1259 3596 Rostra
1280 3543 1337 3596 in
1371 3545 1487 3596 foro

477 3644 702 3679 romano
720 3663 735 3689 ‚
760 3625 975 3696 regione
1000 3623 1164 3676 Urbis
1194 3635 1394 3674 octava.
1420 3621 1487 3672 Η.

562 3724 646 3758 ao.
674 3705 733 3756 P.
760 3703 923 3758 lunio.
956 3701 1225 3754 Fratribus
1248 3718 1314 3752 ex
1338 3699 1489 3751 farni-

478 3782 545 3836 li·
580 3784 739 3838 Iunia
766 3779 1323 3840 Coruncanorum.1n
1360 3779 1485 3846 neg.

483 3880 510 3913 ²
564 3862 683 3918 cod.
723 3863 823 3918 Cor
821 3866 1017 3916 antiano
1059 3857 1271 3928 legitur.
1314 3855 1373 3906 In
1418 3857 1489 3908 la·

477 3941 605 4010 pide
648 3942 952 4013 Capitolino
992 3933 1134 4006 apud
1172 3933 1491 4000 Gruterum,

482 4012 1351 4096 p-s96·convncsnxvs.1hnn.

1665 1669 1757 1706 ιιι.
1805 1651 1906 1722 Qui
1944 1649 2006 1701 ab
2063 1651 2243 1702 Tenea.
2279 1649 2516 1702 Teutana
2562 1666 2592 1702 a

1579 1731 1738 1784 Floro
1758 1729 2090 1801 appellatur,
2118 1729 2204 1796 11,
2224 1729 2254 1780 5
2282 1750 2294 1780 :
2344 1754 2366 1776 ι
2391 1729 2593 1798 Illyrii,

1576 1828 1666 1863 seu
1698 1807 1942 1862 Libui-nii
1977 1808 2077 1860 sub
2101 1807 2348 1860 extremis
2368 1805 2592 1878 Alpium

1576 1887 1847 1941 radicibus
1873 1899 2068 1956 agunt,
2095 1887 2234 1938 inter
2262 1883 2470 1938 Arsiam
2499 1885 2592 1938 'ri-

1579 1979 1801 2037 tumque
1853 1965 2051 2018 flumen
2069 2003 2086 2028 ,
2139 1963 2439 2034 longissime
2494 1982 2592 2034 per

1579 2059 1748 2100 totum
1779 2041 1998 2096 Adriani
2041 2041 2201 2094 maris
2237 2042 2389 2094 littus
2417 2041 2594 2098 effusi.

1576 2125 1649 2177 Hi
1669 2136 1919 2194 regnante
1947 2121 2184 2174 Teutana
2210 2120 2459 2185 muliere,
2491 2140 2592 2191 po·

1576 2203 1939 2272 palationibus
1959 2218 2067 2252 non
2087 2199 2341 2262 contenti,
2359 2199 2592 2254 licentiae
2645 2187 2660 2194 ’

1576 2280 1742 2335 scelus
1781 2279 2117 2334 addiderunt.
2139 2278 2360 2350 Legatos
2391 2278 2592 2350 quippe

1573 2373 1807 2421 nostros,
1856 2359 1929 2411 ob
1971 2375 2030 2410 ea
2065 2376 2183 2430 qum
2225 2357 2592 2429 deliquerent,

1571 2439 1690 2509 jure
1728 2450 1964 2509 agentes,
2009 2453 2109 2489 nec
2135 2435 2313 2507 gladio
2339 2434 2553 2507 quidem
2573 2477 2590 2502 ,

1574 2515 1668 2570 sed
1695 2531 1753 2571 ut
1771 2517 2009 2570 victimas
2023 2555 2039 2580 ,
2061 2516 2231 2572 securi
2255 2515 2559 2588 percutiunt
2573 2555 2590 2582 ,

1575 2609 1676 2648 etc.
1691 2623 1713 2644 ι
1743 2597 1925 2649 Ηιιιι).
1947 2627 2028 2637 —
2051 2595 2198 2648 Brot.
2218 2613 2326 2650 non
2347 2595 2553 2648 Teucam
2567 2635 2586 2660 ,

1575 2673 1669 2728 sed
1693 2678 1893 2728 Teusam
1917 2673 2164 2746 appellat.
2191 2673 2296 2727 En.

1662 2775 1752 2808 22.
1785 2755 1878 2809 Cn.
1904 2755 2175 2807 Octavium.
2193 2752 2397 2805 Plinius
2417 2765 2555 2806 errat
2569 2791 2587 2820 ,

1576 2833 1668 2902 qui
1695 2835 1840 2888 hunc
1864 2833 1958 2888 Cn.
1981 2833 2234 2886 Octavium
2257 2833 2511 2903 appellat,
2538 2843 2590 2884 et

1577 2911 1880 2979 historiam,
1917 2913 2026 2965 sive
2063 2913 2194 2965 facta
2227 2911 2459 2984 duplicia
2491 2909 2588 2962 mi-

1577 3005 1683 3044 scet
1722 3010 1783 3044 ec
1809 2991 2108 3046 confundit.
2145 2991 2263 3044 Non
2301 3009 2458 3044 nemo
2492 2988 2587 3060 qui

1579 3069 1810 3124 Plinium
1861 3069 2125 3124 recensuit
2169 3080 2224 3122 et
2280 3067 2584 3132 adnotavit,

1577 3150 1769 3204 frustra
1791 3163 1867 3202 est
1888 3149 1940 3202 in
1965 3150 2081 3202 viro
2100 3145 2456 3200 defendendo.
2469 3147 2586 3212 Τιι,

1576 3229 1620 3280 si
1653 3230 1793 3282 voles
1821 3230 2016 3281 fontem
2053 3227 2225 3299 ipsum
2259 3225 2452 3277 erroris
2477 3227 2589 3293 ejus

1576 3309 1806 3380 reperies
1871 3306 1927 3357 in
1979 3303 2249 3358 Ciceronis
2291 3303 2586 3372 Philippica

1575 3402 1727 3438 nova.
1758 3385 2094 3438 Lm1us.--
2121 3383 2294 3434 Immo
2325 3381 2384 3435 C.
2411 3379 2584 3450 Popil-

1574 3465 1704 3515 lium,
1733 3461 1890 3530 Quod
1913 3460 2132 3516 suadent
2150 3460 2422 3530 Polybius,
2437 3459 2588 3512 Cice·

1573 3561 1667 3607 ro,
1691 3543 1903 3606 Livius,
1935 3541 2193 3594 Valerius.
2245 3541 2470 3592 Zonaras
2509 3551 2590 3591 ta-

1575 3639 1697 3674 men
1731 3622 1805 3673 M.
1836 3621 2094 3691 Popillium
2133 3619 2289 3673 etiam
2331 3617 2585 3671 nominat.

1575 3699 1682 3754 Sed
1714 3717 1948 3754 errorem
1990 3701 2100 3770 ejus
2147 3696 2471 3768 redarguunt
2509 3697 2588 3748 fa·

1577 3778 1676 3831 cile
1707 3791 1892 3843 testes,
1919 3797 2055 3850 quos
2087 3776 2228 3840 dixi,
2266 3775 2412 3828 omni
2448 3793 2588 3829 exce-

1576 3857 1757 3926 ptione
1783 3857 2177 3927 msjores,‘Voss.
2200 3888 2277 3898 —
2307 3855 2402 3909 Cn.
2439 3856 2590 3908 Octa-

1581 3939 1720 3989 vium.
1763 3935 1882 3988 Fuit
1913 3935 2006 3988 iste
2033 3933 2286 3987 Octavius
2313 3953 2342 3986 e
2376 3934 2584 4005 majori-

1577 4013 1676 4066 bus
1720 4013 1924 4066 Octnvii
1975 4011 2219 4078 cesaris,
2269 4013 2360 4086 qui
2415 4013 2587 4067 Cesar
