2975 4684
571 367 716 455 654
1111 371 1192 436 C.
1248 368 1577 440 PLINII
1627 367 1832 434 NAT.
1886 367 2132 434 HIST.

467 575 470 578 ,
577 519 646 574 et
673 500 857 572 albis.
899 503 986 570 Et
1027 499 1126 568 hae
1165 524 1426 592 quoque
1457 514 1687 569 contra
1724 498 2103 592 scorpiones
2150 494 2397 566 validm.
2436 499 2756 569 Eadem

581 609 932 678 auctoritas
977 619 1043 673 et
1087 607 1346 698 Cypriis
1401 619 1515 673 est.
1560 607 1730 672 Sunt
1776 605 1891 697 qui
1934 604 2216 671 maxime
2265 603 2571 696 probent
2620 609 2757 674 vi-

515 729 546 782 3
585 729 792 784 iream
826 711 1354 804 perspicuitatem
1387 711 1452 778 in
1494 709 1596 778 his
1618 707 1685 775 ¹⁹.
1716 710 2166 803 Reperiuntur
2190 710 2348 777 etin
2369 709 2749 798 Thracia,

583 833 648 886 et
683 819 856 886 circa
891 812 1134 884 OEtam
1153 867 1170 900 ,
1201 817 1358 884 etin
1390 817 1729 898 Parnasso,
1762 828 1829 882 et
1858 816 1927 881 in
1958 813 2211 898 Lesbo,
2242 837 2323 882 ac
2354 816 2741 900 Messene,

583 920 824 990 similes
861 918 1136 989 limitum
1179 921 1450 990 floribus
1463 923 1537 1008 ²⁰,
1580 934 1647 988 et
1675 921 1741 987 in
1769 919 2029 988 Rhodo.
2070 918 2231 987 Aliae
2261 920 2439 1012 apud
2470 945 2739 1016 magos

581 1027 984 1096 differentiae.
1011 1027 1322 1097 Leoninae
1344 1024 1499 1119 pelli
1526 1023 1763 1094 similes
1776 1025 2169 1118 ,potentiam
2192 1023 2443 1092 habere
2468 1043 2733 1096 contra

585 1135 962 1226 scorpiones
999 1131 1324 1200 dicuntur.
1367 1130 1448 1200 In
1481 1134 1695 1200 Persis
1734 1155 1887 1200 vero
1922 1129 2147 1198 suffitu
2167 1154 2409 1198 -earum
2452 1146 2727 1226 tempe-

587 1253 787 1310 states
816 1239 1056 1321 averti,
1097 1252 1165 1328 et
1191 1251 1511 1330 praeterea
1545 1235 1900 1310 fulmina&
1936 1240 2415 1328 Argumentum
2450 1262 2639 1324 esse,
2668 1241 2727 1307 si

499 1345 606 1436 ’,
591 1371 654 1413 m
701 1344 800 1414 fei
806 1359 1025 1412 ventes
1069 1344 1352 1412 cortinas
1395 1341 1631 1412 additae
1668 1341 2099 1434 refrigerent:
2142 1340 2253 1409 sed
2292 1357 2365 1409 ut
2405 1345 2722 1434 prosint,

590 1451 860 1520 leoninis
885 1448 1116 1542 jubis²²
1151 1445 1552 1540 alligandas:
1590 1471 1744 1516 nam
1776 1447 2021 1539 hyaenae
2050 1444 2203 1540 pelli
2236 1444 2519 1515 similem
2558 1449 2725 1516 abo-

522 1587 552 1643 4
589 1559 945 1639 minantur,
981 1553 1434 1624 discordialem
1486 1553 1827 1622 domibus.
1866 1553 2029 1620 Eam
2078 1576 2275 1634 vero,
2326 1576 2475 1644 quae
2512 1557 2721 1622 nnius

589 1661 823 1738 coloris
861 1649 1007 1730 sit²³
1013 1712 1032 1740 ,
1073 1660 1388 1728 invictam
1425 1657 1687 1727 athletis
1724 1681 1863 1726 esse
1883 1642 1949 1724 ⁴.
1992 1655 2475 1750 Argumentum
2530 1659 2713 1751 ejus,

593 1766 770 1861 quod
816 1769 883 1832 in
938 1763 1065 1832 olla
1123 1762 1314 1857 plena
1365 1763 1489 1831 olei
1534 1778 1721 1832 cocta
1780 1787 1933 1830 cum
1982 1763 2373 1858 pigmentiS,
2418 1778 2488 1831 et
2536 1765 2717 1831 intra

597 1873 760 1940 duas
816 1870 1014 1938 horas
1046 1869 1593 1998 ⁵subfervefacta,
1644 1893 1847 1935 unum
1913 1866 2198 1935 colorem
2267 1892 2348 1934 ex
2400 1869 2713 1938 omnibus

598 1979 794 2045 faciat
823 1973 1038 2042 minii²
1046 1960 1380 2068 ⁵.Acopos
1420 1976 1595 2042 nitro
1630 1974 1857 2042 similis
1899 1987 2029 2052 est,
2076 1974 2451 2066 pumicosa,
2495 1977 2711 2046 aureis

594 2081 796 2172 guttis
824 2078 1092 2146 stellata.
1137 2081 1309 2146 Cum
1353 2079 1477 2145 hac
1516 2076 1734 2146 oleum
1779 2078 2335 2147 subfervefactum
2348 2082 2709 2208 spemnctis

595 2181 1034 2250 lassitudinem
1082 2175 1179 2266 (si
1218 2175 1603 2271 credamus)
1631 2182 1843 2251 solvit.
1898 2169 2376 2252 Alabastrites²⁶
2418 2187 2709 2254 nascitur

679 2313 767 2406 19.
795 2332 921 2385 Suu-⁶
945 2337 1026 2404 qui
1048 2336 1250 2385 maxime
1283 2333 1485 2403 probent
1526 2338 1607 2386 vi-

596 2429 742 2468 tream
767 2417 1144 2485 perspicuitatem
1173 2417 1222 2464 in
1250 2414 1339 2466 lais.
1369 2412 1604 2484 Legend.

603 2523 626 2545 ιι
661 2496 797 2548 Sunt
838 2493 930 2562 qui
978 2493 1202 2545 maxime
1249 2492 1483 2564 probent
1530 2495 1611 2547 vi-

599 2589 762 2628 tream
782 2572 1232 2642 perspicuitatem.
1248 2574 1619 2644 Reperiuntur·

597 2667 649 2707 et
669 2654 753 2705 ho
779 2653 834 2703 in
865 2651 912 2703 Τ
915 2651 1110 2704 bracia.
1137 2677 1160 2699 ι
1185 2653 1352 2706 ΒΑωιῐ.
1381 2685 1461 2696 -
1487 2652 1614 2706 Sunt

599 2737 681 2803 qm·
705 2734 919 2784 musitae.
957 2732 1170 2784 Solinus
1189 2732 1292 2785 loc.
1325 2733 1416 2786 cit.
1451 2759 1472 2779 u
1504 2732 1610 2796 Qui

601 2813 828 2864 maxime
851 2813 1165 2881 probantur,
1185 2812 1402 2864 vitream
1418 2813 1613 2865 habent

601 2893 1050 2963 perspicuitatem,
1077 2904 1137 2942 ut
1157 2891 1401 2964 Cyprius.
1432 2917 1478 2943 ι.
1504 2890 1570 2942 Η.

685 2993 768 3024 20.
829 2971 1054 3022 Limieum
1093 2971 1313 3035 floribus.
1369 2969 1613 3022 Floribus

601 3051 692 3120 qui
725 3050 782 3100 in
813 3049 1070 3102 limitibus
1109 3067 1352 3118 agrorum
1391 3065 1617 3100 nascun-

603 3143 704 3180 tur.
733 3126 914 3178 Hmn.

576 3203 590 3214 “
684 3223 775 3257 21.
810 3205 883 3256 Et
915 3216 1150 3274 pra-terea
1183 3207 1413 3273 fulmina.
1444 3204 1616 3258 Isido-

602 3299 728 3348 r.us,·
749 3283 898 3353 Orig.
929 3284 1024 3336 lib.
1067 3285 1234 3348 xvl,
1269 3303 1384 3356 cap.
1427 3305 1446 3337 1
1467 3305 1516 3347 1,
1548 3282 1615 3337 de

603 3366 780 3419 achate
802 3379 819 3415 ,ε
853 3387 874 3410 ι
899 3362 1072 3431 Magi,
1096 3363 1268 3432 inquit
1285 3403 1300 3428 ,
1331 3365 1509 3417 suffitu
1532 3383 1615 3416 ea-

603 3465 718 3499 rum
735 3478 752 3504 ‚
779 3441 819 3496 si
833 3438 1066 3493 creditur
1083 3477 1099 3503 ,
1122 3455 1448 3512 tempestates
1467 3461 1616 3496 aver-

603 3537 750 3586 tunt,
781 3521 1002 3573 flumina
1025 3519 1233 3573 sistunt.
1265 3545 1286 3568 ι
1317 3521 1396 3574 Ex
1423 3523 1617 3592 Plinia-

605 3605 686 3656 nis
710 3600 1014 3663 codicibus,
1047 3599 1258 3667 fulmina
1304 3600 1403 3670 legi
1445 3603 1614 3654 multo

607 3683 804 3735 malim.
821 3679 1000 3731 Huu).

691 3782 780 3815 22.
817 3761 1039 3812 Leoninis
1061 3757 1206 3828 jubis.
1245 3757 1362 3810 Pilo
1401 3777 1430 3809 e
1469 3759 1616 3827 jubis

608 3844 837 3894 leonum.
869 3840 954 3892 Sic
983 3838 1140 3908 paulo
1167 3838 1335 3903 infra,
1363 3837 1617 3906 aspilaten

609 3922 680 3971 nit
723 3919 906 3972 cameli
949 3915 1070 3988 pilis
1115 3916 1356 3988 splenicis
1419 3917 1617 3988 alligari

577 4013 580 4017 ·
610 4010 869 4062 oportere.
897 3997 1084 4048 Ham).

1783 2338 1873 2390 23.
1923 2340 2048 2407 Qua·
2080 2340 2221 2389 unius
2270 2339 2443 2390 coloris
2485 2342 2567 2392 sit.
2616 2339 2706 2392 Sic

1694 2415 1845 2468 MSS.
1872 2435 2083 2481 omnes,
2106 2415 2341 2487 editique
2358 2418 2503 2478 libri,
2530 2421 2707 2471 rectis-

1695 2496 1858 2547 sime:
1882 2515 1989 2548 non
2013 2499 2148 2546 minii
2164 2497 2424 2561 coloris,nt
2438 2497 2597 2548 visum
2620 2511 2705 2550 est

1695 2576 2022 2626 nonnemini.
2047 2574 2227 2627 Hann.

1780 2662 1869 2717 ²4.
1915 2655 2144 2705 Ino-ictam
2186 2656 2379 2706 athletis
2406 2674 2513 2705 esse.
2550 2653 2701 2706 Invi·

1700 2744 1811 2784 ctos
1844 2731 2069 2785 reddere
2112 2734 2349 2787 athletas.
2380 2735 2525 2786 Vires
2570 2753 2699 2786 con·

1699 2812 1835 2863 ferre
1854 2813 2171 2883 corporibus
2186 2812 2324 2866 dixit
2342 2814 2581 2865 Athea-tus
2595 2813 2703 2865 Mn·

1700 2909 1859 2962 gnus,
1884 2890 1951 2943 de
1977 2893 2217 2950 Miner-al.
2239 2892 2333 2946 lib.
2356 2893 2426 2957 Π,
2439 2911 2557 2963 pag.
2577 2891 2698 2945 228.

1702 2970 1913 3022 Scilicet
1943 2969 2087 3040 quod
2105 2973 2284 3023 omnia
2304 2973 2575 3042 pigmenta
2590 2971 2701 3042 qui·

1701 3049 1922 3102 buscum
1952 3049 2367 3119 incoquebatur,
2406 3051 2541 3102 intra
2586 3051 2703 3102 duas

1703 3128 1857 3180 horas
1918 3129 2149 3181 colorem
2202 3148 2355 3182 suurn
2398 3128 2697 3182 miniaceum

1700 3209 1913 3260 sorbere
1963 3205 2237 3278 adigebat,
2291 3225 2354 3261 eo
2405 3219 2699 3278 argumento

1702 3287 1907 3338 athletae
1935 3287 2181 3339 invictam
2206 3305 2320 3338 eam
2348 3305 2459 3340 esse
2482 3305 2701 3358 pronun·

1706 3366 1922 3418 tiabant.
1955 3367 2137 3420 Hum.

1787 3447 1876 3498 25.
1894 3445 1973 3495 Me·
1955 3448 2057 3498 ιηὶἱ.
2084 3445 2329 3497 Miniacei
2348 3447 2547 3498 colotis
2568 3445 2702 3497 acha·

1702 3536 1789 3576 ten
1812 3521 1987 3576 laudat
2016 3537 2065 3576 et
2090 3525 2370 3594 Orpheus,
2399 3525 2477 3578 tit.
2500 3518 2704 3592 Ᾰχᾰτπς.

1701 3593 1763 3656 ὲν
1798 3601 1849 3654 δ’
1883 3605 1963 3673 ὅγε
2010 3607 2363 3674 μιλτοπάρῃος,
2394 3619 2495 3657 etc.
2539 3605 2705 3655 Hnn.

1614 3711 1622 3717 -
1701 3715 1780 3725 -
1809 3685 2015 3752 Aeopos.
2034 3674 2226 3742 Ᾰκοπος
2240 3681 2427 3752 ,quod
2456 3683 2706 3742 laborem,

1703 3763 1782 3813 τὸν
1836 3762 1981 3813 κόπον
2002 3801 2015 3824 ,
2047 3776 2099 3815 et
2142 3723 2503 3814 lassitudinem
2546 3763 2706 3813 levare

1707 3840 1958 3893 creditur.
1988 3841 2165 3893 Huin.

1793 3923 1878 3973 26.
1897 3921 2228 3971 Alabastrites.
2244 3919 2563 3987 Apollonius
2578 3917 2710 3986 apud

1708 3999 1965 4062 Galenum
1986 4037 1999 4062 ,
2026 3999 2115 4050 tib.
2142 3999 2193 4047 V
2218 3996 2351 4048 κατὰ
2382 3999 2559 4057 τόπους
2576 4035 2590 4062 ,
2614 3998 2714 4048 ala·
