2975 4684
1083 382 1386 464 LtssER
1439 381 1784 453 xxxiv.
2358 396 2481 475 241

374 504 638 587 India¹⁵
669 536 882 609 neque
913 538 1025 599 ωε,
1057 538 1270 606 neque
1298 512 1643 607 plumbum
1678 514 1894 594 habet,
1927 520 2332 613 gemmisque
2361 527 2493 593 suis

375 646 452 691 ac
491 623 866 715 margaritis
895 620 1036 688 haec
1068 631 1424 715 permutat.

479 730 725 797 XLIX.
763 724 1002 821 Nigro¹
1050 725 1323 818 plumbo
1367 722 1450 791 ad
1493 724 1743 793 fistulas
1786 726 2187 823 laminasque
2222 734 2556 837 utimur,

303 844 326 867 ·
374 831 817 901 laboriosius
799 856 867 899 m
906 831 1218 924 Hispania
1255 843 1483 911 erum,
1527 844 1826 925 totasque
1866 858 1987 927 per
2030 834 2327 906 Gallias.
2374 840 2489 909 sed

373 938 444 1005 in
487 939 822 1008 Britannia
867 962 1123 1006 summo
1159 951 1350 1004 terrae
1385 935 1568 1004 corio
1599 937 1765 1005 adeo
1802 936 2023 1032 large,
2056 956 2129 1009 ut
2166 942 2272 1011 lex
2312 944 2489 1015 ultro

372 1042 651 1128 dicatur,
687 1068 772 1111 ne
795 1042 939 1137 plus
963 1057 1146 1111 certo
1169 1040 1368 1109 modo
1397 1040 1534 1109 fiat.
1568 1043 1756 1136 Nigri
1794 1044 2141 1137 generibus
2172 1048 2314 1117 haec
2338 1068 2492 1121 sunt

372 1152 682 1217 nomina:
723 1150 1098 1217 Ovetanum
1117 1145 1162 1231 ²,
1205 1148 1670 1241 Caprariense‚
1707 1146 2143 1218 Oleastrense.
2191 1154 2332 1223 Nec
2372 1156 2491 1226 dif-

372 1252 646 1323 ferentia
683 1253 812 1322 ulla
849 1256 1080 1323 scorioe
1100 1306 1118 1335 ,
1149 1252 1348 1321 modo
1380 1253 1462 1319 sit
1494 1268 1763 1323 excocta
1802 1254 2164 1349 diligenter.
2204 1259 2490 1330 Mirum-

371 1383 498 1453 que
535 1362 602 1429 in
640 1359 748 1427 his
793 1358 944 1428 solis
981 1355 1291 1442 metalliS,
1333 1356 1512 1449 quod
1560 1358 1869 1428 derelicta
1916 1359 2191 1428 fertilius
2240 1367 2489 1433 revive-

371 1478 586 1533 scunt.
617 1467 764 1533 Hoc
793 1464 1053 1532 videtur
1079 1462 1294 1529 facere
1319 1460 1549 1529 laxatis
1579 1464 1991 1554 spiramentis
2016 1466 2101 1533 ad
2130 1470 2557 1571 satietatem

368 1569 625 1638 infusus
661 1592 796 1651 aer,
829 1592 1012 1661 aeque
1040 1580 1116 1635 ut
1157 1566 1430 1633 feminas
1465 1566 1781 1659 quasdam
1822 1569 2235 1640 fecundiores
2274 1574 2493 1645 facere

369 1674 661 1741 abortus.
691 1676 925 1767 Nuper
963 1672 1030 1739 id
1071 1686 1487 1763 compertum
1530 1672 1601 1739 in
1636 1674 1874 1743 Baetica
1903 1664 2323 1747 Santarensi³
2354 1705 2489 1749 me-

368 1776 567 1864 tenuo,
625 1777 807 1871 quod
860 1767 1098 1846 locari⁴
1134 1776 1398 1845 solitum
1459 1801 1529 1844 Χ.
1576 1800 1660 1845 cc
1712 1802 1771 1847 Μ
1806 1782 2076 1866 annuiS,
2139 1799 2489 1877 postquam

367 1883 788 1954 obliteratum
829 1898 1011 1969 erat,
1044 1905 1218 1951 σοιν
1263 1880 1551 1950 locatum
1584 1868 1743 1950 est⁵.
1787 1884 2000 1955 Simili
2041 1886 2261 1957 modo
2286 1893 2488 1959 Anto-

363 2048 629 2119 Ικοίμισιν,
671 2049 756 2099 οὐκ
796 2046 1071 2115 ἐτόρευσεν
1117 2052 1188 2098 Ην
1219 2045 1384 2114 νύξῃς,
1475 2046 1679 2097 Baeticae
1695 2046 1915 2118 oppido,
1934 2048 2121 2121 dequo
2141 2050 2248 2116 111,
2274 2050 2339 2102 3·
2325 2072 2339 2116 ς
2363 2071 2483 2106 nam

363 2130 568 2198 ἕγιριῖς·
627 2128 824 2197 ἄργυρος
870 2126 1018 2177 ὕπνον
1065 2126 1184 2191 ἔχει.
1231 2148 1253 2171 ι
1289 2125 1386 2177 So·
1474 2136 1581 2176 tota
1607 2142 1667 2177 ea
1688 2128 1849 2196 regio,
1868 2140 1927 2179 ut
1950 2128 2027 2179 ibi
2054 2127 2264 2197 dicitur,
2290 2148 2405 2202 cap.
2424 2140 2485 2197 4,

361 2208 534 2277 pierat
573 2207 818 2279 Satyrum
846 2242 862 2267 ‚
906 2223 1016 2257 non
1049 2204 1340 2275 sculpserat
1361 2241 1377 2267 ‚

360 2286 506 2339 hunc
549 2284 816 2337 Diodorus
851 2304 864 2334 ι
919 2284 1214 2354 Argentum
1251 2281 1376 2333 dor-

363 2366 461 2418 mit
497 2386 509 2415 :
544 2382 752 2434 punge,
783 2362 906 2433 vigil
945 2362 1118 2414 facies.
1164 2387 1186 2407 ι
1227 2361 1374 2412 Alte-

361 2444 472 2499 rius
511 2460 732 2515 quoque
765 2439 990 2493 Diodori
1037 2440 1282 2511 pictoris,
1331 2440 1375 2491 si

361 2536 538 2577 tamen
569 2522 700 2574 elius
734 2539 763 2573 a
791 2520 1088 2591 scalptore,
1115 2518 1376 2571 Leonidas

361 2603 419 2655 in
447 2600 629 2655 eadem
668 2598 885 2653 Antbol.
917 2600 1002 2664 ΙΙ,
1045 2617 1134 2667 19.
1163 2598 1375 2651 Statua·

360 2681 530 2736 culam
559 2680 819 2750 femineo,
856 2694 914 2732 ut
948 2677 1248 2748 appellant,
1284 2696 1374 2747 ge·

358 2778 487 2812 nere
508 2760 796 2830 Gregorius
808 2756 1154 2821 Turonensis,
1176 2756 1376 2827 aliique

361 2836 560 2893 dixere.
583 2832 759 2887 Banu.

447 2916 532 2968 15.
564 2914 725 2967 India.
752 2910 988 2965 Isidorus
1017 2914 1130 2965 haec
1165 2931 1376 2984 quoque

359 2992 430 3047 ad
449 2994 696 3059 verbum,
718 2992 900 3063 Origg.
919 2990 1080 3053 xvl,
1106 3010 1133 3044 2
1148 3009 1198 3044 r.
1215 2992 1377 3043 H.—

360 3074 528 3146 Neque
550 3092 618 3125 oes
632 3111 649 3137 ‚
668 3091 815 3142 neque
827 3070 1086 3141 plumbum.
1107 3069 1177 3121 Et
1203 3088 1270 3123 ωε
1283 3108 1301 3135 ,
1323 3083 1373 3124 et

357 3152 640 3227 plumbum
687 3151 847 3204 habet
893 3148 1047 3201 India
1064 3186 1080 3211 ‚
1119 3146 1212 3203 sed
1247 3162 1375 3202 tuno

355 3250 466 3285 non
485 3229 799 3294 effodiebat,
813 3246 982 3303 quum
1003 3228 1206 3283 facilius
1230 3246 1373 3281 com-

352 3308 671 3382 modiusque
700 3310 814 3363 hoee
842 3307 1059 3379 gemmis
1082 3326 1144 3361 ac
1177 3326 1374 3380 marga-

352 3390 468 3445 ritis
497 3402 838 3463 permutaret.
867 3388 1029 3441 Bnor.

435 3470 629 3523 XLIX.
660 3488 708 3523 1.
735 3470 910 3539 Nigro.
931 3466 1122 3520 Isidor.
1146 3467 1253 3519 loc.
1274 3467 1366 3520 cit.

355 3548 509 3604 IL—
521 3548 732 3603 Fistula
751 3588 768 3614 ,
793 3548 876 3599 des
896 3559 1096 3617 suynus.
1113 3546 1218 3598 En.

439 3646 488 3681 ι.
516 3629 800 3681 Ovetaaeum.
825 3627 908 3679 Ab
926 3625 1102 3679 Oveto
1116 3627 1368 3678 Asturum

355 3704 558 3777 oppido
600 3696 815 3777 (Oviedo
835 3703 874 3769 ).
919 3704 1070 3756 Libri
1117 3703 1368 3757 hactenus

355 3784 480 3839 editi
516 3804 794 3859 perperam
827 3782 1112 3849 exhibent,
1170 3784 1366 3835 loveto-

356 3882 483 3917 mam.
504 3864 848 3936 Caprariense
871 3863 938 3917 ab
961 3862 1131 3915 insula
1164 3880 1366 3933 cogno·

357 3940 502 3995 mine
555 3962 723 4016 prope
769 3941 1098 4014 Major-icam,
1154 3940 1222 3993 de
1262 3960 1364 4012 qua

353 4020 470 4084 111,
509 4038 530 4073 r
546 4040 594 4075 1.
636 4023 966 4077 Oleastrense
997 4022 1066 4073 ab
1089 4020 1329 4075 Oleastro
1347 4060 1362 4085 ‚

501 4120 618 4185 IX.

1467 2204 1674 2273 plumbi
1700 2205 1922 2259 metallis
1946 2219 2126 2259 scatet.
2152 2208 2488 2265 H.—-Paucae

1466 2299 1615 2335 nuno
1660 2282 1715 2333 in
1766 2282 1937 2337 Gallia
1986 2285 2196 2356 plumbi
2248 2286 2449 2342 fodinae
2468 2329 2484 2353 ‚

1462 2361 1641 2430 plures
1667 2362 1723 2413 in
1744 2360 2015 2433 Hispanis,
2042 2368 2483 2421 numerosissimo

1463 2456 1589 2493 vero
1615 2439 1673 2491 in
1700 2441 1897 2511 Anglia
1923 2455 1977 2495 et
1998 2444 2175 2497 Scotin
2195 2484 2211 2508 ‚
2253 2457 2352 2498 etc.
2376 2448 2476 2501 En.

1548 2518 1601 2569 3.
1627 2515 1924 2573 Samae-ensi.
1952 2520 2157 2575 Fodina
2186 2526 2476 2590 metallica,

1462 2597 1551 2649 cui
1582 2594 1727 2667 unde
1756 2597 1814 2650 id
1852 2618 2049 2653 nomen
2082 2601 2363 2672 obtigerit,
2394 2606 2477 2659 in·

1463 2688 1817 2745 compertum.
1856 2676 2221 2733 Antonianum
2258 2684 2324 2735 ab
2360 2685 2477 2739 An-

1462 2755 1611 2807 tonio
1666 2754 1946 2809 triumviro
1990 2759 2184 2812 metalli
2222 2758 2441 2817 domino
2460 2803 2477 2831 ,

1460 2831 1608 2887 haud
1633 2833 1919 2888 obscurum
1950 2850 2029 2890 est
2054 2857 2069 2889 ε
2119 2851 2179 2891 ut
2205 2839 2477 2895 Sallustia-

1459 2930 1591 2965 num
1607 2930 1696 2977 es,
1720 2924 1773 2964 et
1794 2914 2075 2969 Livianum
2098 2914 2203 2971 dici
2224 2921 2474 2974 memini-

1460 3010 1579 3044 mus
1600 3010 1714 3065 cap.
1752 3011 1781 3045 2
1813 2992 1935 3045 libri
1955 2995 2130 3066 hujus.
2158 2996 2227 3049 Η.
2257 2998 2475 3052 ——San-

1463 3076 1654 3123 tat-emi.
1700 3070 1858 3125 Nune
1893 3074 2142 3127 novimus
2186 3076 2474 3148 scalabim,

1459 3150 1753 3209 Saneanm5
1784 3168 1903 3221 quae
1934 3171 2045 3206 non
2074 3167 2152 3207 est
2178 3154 2235 3207 in
2257 3156 2476 3226 Baetica,

1459 3218 1631 3282 sedin
1658 3228 1957 3295 Lusitanis,
1976 3233 2125 3304 Tago
2148 3232 2359 3290 flumini
2380 3256 2474 3311 np-

1457 3308 1645 3379 posita.
1668 3308 1826 3362 Bnot.

1542 3394 1592 3451 4.
1616 3388 1808 3439 Locari.
1837 3388 1925 3441 Sic
1952 3390 2173 3445 totidem
2194 3393 2302 3448 fere
2318 3397 2471 3467 sylla·

1456 3466 1539 3520 bis
1576 3466 1705 3538 Reg.
1742 3484 1793 3518 α.
1830 3466 1988 3533 Quod
2024 3470 2251 3527 editores
2292 3474 2469 3527 hacte-

1455 3564 1557 3598 nus
1600 3544 1948 3618 depravarant
1972 3566 1986 3601 :
2047 3576 2069 3597 ι
2095 3552 2259 3615 Quod
2305 3551 2469 3605 locari

1457 3624 1667 3678 solitum
1694 3624 1875 3679 decem
1914 3626 2065 3681 libris
2100 3648 2195 3699 per
2239 3648 2301 3681 cc
2350 3642 2474 3682 ante

1453 3722 1652 3767 annos,
1676 3718 1962 3777 postquam
1986 3707 2325 3759 obliteratum
2344 3720 2475 3773 erat,

1453 3802 1521 3835 ιν
1557 3783 1787 3837 locatum
1827 3798 1920 3838 est.
1964 3810 1986 3831 n
2026 3786 2095 3837 H.
2131 3814 2209 3827 -·
2238 3785 2474 3840 Ducents

1451 3862 1616 3915 millia
1638 3860 1981 3917 denariorum
2007 3872 2130 3913 sunt
2152 3860 2352 3931 gallico
2368 3882 2470 3917 no-

1451 3943 1625 3996 stratis
1637 3953 1865 3995 monetae
1884 3940 1976 3991 lib.
2006 3956 2025 3989 1
2042 3938 2269 4003 55‚625.
2299 3942 2464 3999 Bnooe.

1520 4018 1583 4073 ·5.
1630 4020 1828 4073 CCLV
1868 4018 2073 4069 locatum
2122 4029 2207 4069 est.
2266 4021 2463 4078 Incerti

2092 4112 2177 4184 16
