2975 4684
544 389 679 463 580

1076 393 1153 459 C.
1207 387 1539 458 PLINII
1589 389 1800 457 NAT.
1853 391 2106 458 HIST.

537 528 603 594 in
636 523 771 594 ea¹⁰
790 547 935 617 quae
964 522 1151 615 juxta
1178 509 1502 616 gemmam
1527 522 1834 615 topazion
1870 521 2070 608 ferat,
2107 521 2642 617 cubitalemque¹'

473 681 481 689 »
532 629 839 699 effossam
870 652 917 696 a
960 627 1331 722 Pythagora
1367 625 1699 696 Ptolemaei
1731 629 1900 723 regis
1928 627 2259 723 praefecto.
2297 628 2644 698 Cornelius

534 728 833 804 Bocchus
862 749 930 802 et
951 735 1019 801 in
1045 731 1444 864 Lusitania¹²
1466 734 1648 802 nasci
1679 757 1998 827 perquam
2021 733 2300 802 mirandi
2333 733 2643 828 ponderis

534 838 1087 927 Ammaensibus
1062 837 1273 933 Jugis¹
1280 824 1328 922 ³,
1388 837 1709 932 depressis
1752 838 1834 908 ad
1883 829 2418 909 libramentum*
2455 863 2645 933 aquae

468 983 497 1016 2
534 947 766 1063 puteis.
796 946 1043 1012 Mirum
1076 959 1143 1013 et
1176 944 1355 1036 quod
1385 947 1790 1014 Xenocrates
1825 944 2028 1014 tradit
2055 945 2401 1066 Ephesius,
2423 960 2643 1015 aratro

528 1053 597 1118 in
612 1052 759 1120 Asia
783 1064 851 1119 et
877 1053 1101 1144 Cypro
1126 1051 1413 1118 excitari.
1443 1049 1599 1118 Non
1621 1052 1796 1118 enim
1824 1051 2100 1118 inveniri
2126 1053 2194 1119 in
2217 1064 2505 1138 terreno,
2519 1075 2642 1122 nec

528 1157 649 1226 nisi
674 1158 844 1225 inter
871 1171 1094 1225 cautes
1128 1154 1447 1224 creditum
1476 1141 1777 1224 fuerat¹⁵.

612 1349 695 1383 ro.
726 1331 803 1382 Et
828 1333 880 1382 in
912 1350 988 1382 ea.
1022 1331 1101 1382 De
1128 1329 1227 1382 bac
1256 1330 1429 1382 insula
1455 1327 1539 1382 di-

525 1423 668 1465 ctum
696 1422 777 1462 est
808 1409 904 1461 lib.
934 1409 1043 1471 VI,
1074 1425 1192 1479 cap.
1225 1409 1319 1470 34.
1360 1408 1429 1460 H.
1461 1439 1540 1451 —

528 1492 655 1558 Quoe
681 1491 829 1558 juxta
866 1507 1098 1557 gemmam
1140 1492 1365 1558 τοραιίοη
1392 1489 1540 1552 f‘emt.

522 1568 618 1620 Est
646 1568 814 1620 insula
845 1567 1117 1638 Topeiros,
1154 1585 1297 1620 nnnc
1332 1567 1543 1618 Zemar-

520 1660 659 1716 μω,
686 1645 831 1700 haud
855 1646 1043 1716 procul
1071 1657 1231 1716 portu
1262 1645 1411 1698 urbis
1442 1646 1543 1698 Be-

522 1727 755 1789 renices,
782 1743 927 1778 nunc
965 1725 1170 1778 Cos-teir.
1200 1724 1425 1777 Gemma
1459 1738 1541 1778 to-

524 1805 730 1878 pazios,
756 1805 807 1856 ia
836 1817 1022 1874 topaze.
1052 1805 1220 1856 Bnor.

611 1903 633 1937 r
650 1903 671 1937 1
684 1925 699 1936 .
718 1883 1093 1954 Cubitalemqne.
1110 1881 1449 1953 crystallum.
1469 1881 1538 1934 Η.

522 1995 600 2006 —
624 1962 794 2015 Nobis
818 1963 988 2014 multo
1014 1963 1183 2031 major
1206 1973 1283 2012 est
1308 1960 1540 2031 crystalli

522 2043 673 2110 copia
696 2053 751 2094 et
771 2039 1082 2110 magnitudo
1104 2055 1261 2109 quam
1290 2038 1536 2108 antiquis.

524 2123 695 2251 Burni..
737 2196 987 2249 Comelius
1009 2195 1224 2248 Bocchus
1244 2205 1293 2245 et
1317 2198 1369 2247 in
1400 2194 1538 2248 Lessi-

523 2281 678 2342 ωηία,
694 2288 793 2330 etc.
810 2272 1040 2348 Legend.
1060 2299 1082 2321 ι
1106 2273 1385 2326 Cornelius
1406 2274 1540 2326 Boc·

519 2357 650 2410 chus
672 2368 724 2408 et
747 2355 802 2408 in
826 2353 1096 2407 Lusitania
1116 2352 1257 2405 nasci
1282 2371 1534 2425 perquam

520 2434 753 2488 mirandi
799 2431 1053 2504 ponderis
1096 2432 1153 2484 in
1204 2431 1538 2486 Lunensibus

514 2515 686 2586 jugis,
724 2525 825 2566 etc.
860 2537 883 2558 a·
917 2513 1082 2565 Lunae
1112 2513 1536 2582 promontorium

520 2595 575 2644 in
628 2591 895 2645 Lusitania
926 2612 937 2643 :
970 2617 994 2639 ι
1030 2589 1301 2661 depressos
1346 2605 1536 2662 puteos

424 2681 439 2688 ⁸
518 2671 588 2725 ad
604 2672 977 2724 libramentum
996 2688 1143 2741 aque
1172 2695 1225 2733 ι,
1245 2669 1315 2725 ad
1333 2670 1536 2722 libran-

517 2749 640 2804 dam
702 2767 891 2821 nquam
948 2748 1223 2821 depressos
1286 2749 1530 2819 intellige.

517 2829 643 2902 Legi
672 2831 827 2882 etiam
858 2842 1065 2901 posset,
1090 2829 1361 2881 Auen-sibus
1381 2832 1534 2898 jugis,

518 2921 580 2962 ut
614 2907 683 2962 de
716 2909 856 2980 jugis
900 2908 1188 2978 intelligat,
1228 2905 1373 2960 unde
1416 2912 1532 2960 Ana

518 2987 712 3041 fluvius
742 2988 931 3041 oritur.
976 2987 1147 3040 Sam.
1171 3015 1251 3026 -—
1284 2985 1534 3039 Cornelius

516 3069 748 3120 Bocchus.
778 3066 1051 3120 Laudatur
1079 3065 1167 3118 hic
1193 3082 1315 3118 sune
1352 3066 1407 3116 in
1440 3067 1533 3117 ln-

516 3145 634 3200 dice
652 3147 810 3216 hujus
826 3147 947 3198 libri
968 3184 983 3213 ,
1004 3163 1065 3198 ex
1087 3144 1241 3197 MSS.
1262 3143 1529 3197 omnibus.

515 3223 631 3278 Hoc
660 3226 777 3278 loco
822 3237 997 3278 tamen
1040 3222 1253 3295 quidam
1293 3221 1532 3293 codices,

514 3323 623 3357 non
662 3304 905 3368 Bocchus,
952 3302 1044 3357 sed
1086 3303 1249 3374 Nepos
1283 3303 1481 3355 habent
1514 3323 1527 3353 :

518 3381 783 3438 mendose.
811 3383 947 3434 Nam
965 3395 1020 3434 et
1038 3393 1251 3434 vetusta
1270 3380 1530 3434 editiones

512 3464 731 3516 Bocchus
747 3461 943 3514 habent
962 3481 975 3512 ε
997 3474 1051 3513 et
1072 3461 1183 3531 ipse
1204 3459 1406 3512 Plinius
1424 3459 1530 3514 hoc

512 3543 685 3614 ipsum
714 3551 957 3612 repetens
991 3538 1235 3602 inferius,
1264 3557 1382 3612 cop.
1414 3540 1486 3602 43
1512 3557 1526 3591 :

513 3645 536 3667 ιι
562 3621 823 3680 Bocchus,
848 3617 1021 3690 inquit
1036 3657 1051 3683 ,
1070 3629 1257 3670 auctor
1278 3631 1377 3679 est,
1402 3631 1455 3671 et
1473 3618 1528 3670 in

510 3699 762 3771 Hispania
778 3713 1034 3770 repertas.
1059 3715 1171 3768 quo
1194 3695 1246 3747 in
1272 3697 1392 3750 loco
1412 3717 1530 3768 cry.

510 3780 720 3833 stallum
745 3777 875 3832 dicit
892 3775 959 3830 cd
984 3776 1354 3829 libramentum
1374 3794 1530 3848 aquo

442 3877 451 3884 ·
508 3859 683 3928 puteis
707 3856 927 3911 defossis
952 3854 1077 3909 inde
1104 3867 1329 3908 erutam.
1359 3855 1486 3909 »IL

596 3937 689 3991 13.
710 3935 1074 3989 Ammaense‘bus
1089 3937 1245 4004 jugis.
1276 3933 1341 3986 In
1359 3880 1528 3989 ⁸1:138.

509 4013 639 4087 Reg.
667 4033 693 4066 ει
716 4049 733 4080 ,
757 4027 811 4068 et
836 4015 988 4068 Colb.
1020 4014 1083 4078 3,
1114 4013 1445 4079 Annmibua,
1472 4027 1526 4068 et

1813 1154 2098 1225 Similius
2120 1180 2279 1226 vero
2299 1170 2398 1225 est
2416 1209 2435 1243 ‚
2463 1155 2641 1250 quod

1628 1329 1987 1382 Amnemibees'
1955 1335 2108 1401 sugis.
2133 1331 2448 1387 salmasius·
2431 1350 2486 1383 m
2513 1331 2646 1384 Soli-

1627 1426 1785 1473 num,
1805 1427 1924 1480 pag.
1945 1416 2068 1480 607,
2087 1410 2379 1462 Lunensibus
2384 1413 2521 1480 jugis
2538 1411 2642 1481 legi

1627 1487 1942 1556 conjiciebat
1963 1507 2140 1558 posse,
2163 1492 2410 1560 quoniam
2427 1529 2443 1555 ,
2459 1489 2642 1558 credo,

1627 1567 1833 1627 Σιλῆνης
1851 1568 1953 1638 ὅρος
1971 1569 2132 1620 Lunoe
2145 1569 2568 1638 promontorium
2583 1569 2638 1622 in

1626 1644 1890 1698 Lusitania
1943 1647 2254 1700 Ptolomeus
2303 1647 2578 1718 agnoverit
2619 1668 2636 1700 t

1628 1725 1750 1777 satis
1811 1723 1996 1778 audaci
2059 1727 2373 1797 conjectura.
2441 1725 2640 1798 Adjicit

1629 1802 1769 1855 idem
1785 1841 1801 1867 ‚
1828 1822 1980 1874 posse
2002 1805 2160 1858 scribi
2181 1806 2469 1870 Ammibm,
2494 1819 2554 1860 ut
2572 1805 2640 1859 de

1623 1882 1760 1953 jugis
1780 1881 2120 1954 intelligatur,
2143 1883 2286 1938 unde
2312 1887 2426 1938 Ana
2451 1885 2642 1938 fluvius

1624 1961 1817 2024 oritur,
1845 1960 2068 2031 perinde
2102 1963 2249 2034 quasi
2285 1964 2340 2016 in
2375 1965 2640 2018 Lusitania

1623 2038 1682 2100 is,
1701 2057 1808 2090 nou
1823 2039 1878 2091 in
1900 2039 2152 2111 Hispania
2169 2043 2410 2096 citeriore
2423 2046 2644 2109 oriatur,

1624 2129 1684 2169 ut
1705 2116 1940 2184 diximus
1955 2120 2049 2173 lib.
2071 2123 2185 2185 111,
2211 2139 2324 2194 cup.
2353 2139 2404 2187 α,
2423 2141 2478 2192 p.
2503 2125 2638 2178 288.

1623 2197 1969 2256 Ammieuses,
2020 2200 2131 2255 sive
2190 2203 2524 2256 Ammaenses
2582 2203 2638 2256 in

1625 2275 1890 2330 Lusitania
1923 2280 2151 2348 populos
2187 2280 2431 2334 novimus
2457 2283 2644 2353 appel-

1621 2353 1778 2418 latos,
1814 2356 1916 2428 lib.
1947 2359 2049 2421 IV,
2073 2377 2190 2430 cap.
2227 2359 2323 2412 35.
2353 2359 2490 2414 Hinc
2513 2363 2638 2432 juga

1625 2435 1980 2489 Ammaensia.
2017 2435 2084 2490 Η.
2128 2467 2206 2477 -
2255 2439 2640 2492 Avaricensibus.

1622 2515 1944 2568 Ammienses
1965 2515 2150 2586 populi
2177 2513 2426 2569 videntur
2445 2518 2638 2585 fuisse,

1621 2592 1715 2643 ubi
1765 2593 2116 2661 municipium
2171 2594 2441 2659 Ammaia,
2491 2615 2640 2652 nunc

1619 2668 1918 2740 Portolegre.
1949 2671 2114 2723 Bnor.

1706 2755 1790 2812 ιζ.
1845 2751 1937 2803 Ad
1973 2750 2319 2806 libmmentum.
2358 2754 2636 2819 Quantum

1618 2827 1853 2882 effodere
1882 2848 2030 2900 aquo
2057 2831 2506 2900 permittunt‚non
2531 2853 2640 2890 scs-

1622 2901 1889 2962 turientes.
1925 2908 2125 2963 Eodem
2159 2911 2410 2982 loquendi
2446 2931 2638 2983 genere

1618 3005 1743 3038 usus
1773 3001 1850 3040 est
1879 3001 1932 3041 et
1955 3007 2002 3041 c.
2039 3008 2071 3057 9
2103 3003 2367 3060 sequente.
2394 2992 2530 3044 Du..
2555 3023 2636 3038 —-

1619 3066 1712 3118 Aa
1736 3065 2064 3119 libramentum
2091 3089 2247 3140 aquoe.
2271 3070 2381 3122 Ubi
2416 3069 2632 3124 fodiun-

1620 3156 1707 3196 tur
1722 3145 1933 3198 scrobes
1957 3165 2047 3200 seu
2075 3150 2222 3218 putei
2243 3147 2310 3200 ad
2331 3147 2630 3204 ducendam

1618 3241 1682 3275 ex
1710 3222 2024 3279 libramento
2044 3245 2252 3299 aquam.
2277 3228 2358 3280 De
2380 3228 2476 3280 hac
2503 3247 2632 3282 voce

1617 3300 1844 3356 diximus
1875 3303 2211 3371 mxxxxl,
2241 3325 2358 3377 cap.
2393 3309 2484 3361 31.
2518 3309 2587 3361 H.

1705 3383 1794 3436 15.
1823 3383 1928 3436 Nee
1953 3387 2047 3436 nisi
2073 3391 2199 3437 iuter
2225 3399 2384 3438 caedes
2403 3387 2632 3440 creditum

1605 3461 1789 3527 fuerat.
1839 3464 1997 3516 Certe
2039 3463 2200 3536 vulgo
2239 3465 2375 3518 inter
2419 3479 2594 3520 cautes
2611 3505 2632 3532 ‚

1617 3542 1662 3591 le
1690 3559 1839 3611 quae-r
1855 3577 1874 3606 ,
1901 3542 2170 3596 invenitur
2193 3544 2491 3615 crystallum
2535 3545 2630 3600 sed

1617 3631 1668 3672 et
1709 3619 1837 3674 alibi
1885 3621 2116 3676 inventa.
2165 3623 2363 3692 Hisque
2413 3626 2635 3695 nuperis

1616 3699 1797 3765 annis,
1815 3701 1962 3754 navis
1983 3701 2198 3773 gallica,
2235 3719 2356 3771 que
2385 3721 2446 3754 ex
2479 3701 2632 3756 Indi·

1615 3779 1997 3844 revertebatur,
2025 3799 2186 3851 quum
2211 3794 2447 3833 vectores
2471 3800 2635 3854 aqua-

1615 3868 1730 3909 tum
1766 3855 2150 3912 descendissent
2182 3857 2237 3908 in
2265 3857 2487 3912 insulam
2513 3861 2634 3913 Ma-

1614 3935 1875 4007 dagascar,
1899 3955 2034 3990 unus
2055 3935 2192 3988 forte
2213 3955 2486 3992 cavernam
2511 3939 2637 3992 sub-

1615 4014 1710 4079 iit,
1753 4035 1862 4086 quo
1910 4012 2308 4085 splendentibus
2357 4018 2634 4089 particulis
