<?xml version="1.0" encoding="UTF-8"?>
<!DOCTYPE html PUBLIC "-//W3C//DTD XHTML 1.0 Transitional//EN"
    "http://www.w3.org/TR/xhtml1/DTD/xhtml1-transitional.dtd">
<html xmlns="http://www.w3.org/1999/xhtml" xml:lang="en" lang="en">
 <head>
  <title>
</title>
<meta http-equiv="Content-Type" content="text/html;charset=utf-8" />
  <meta name='ocr-system' content='tesseract 3.04.00' />
  <meta name='ocr-capabilities' content='ocr_page ocr_carea ocr_par ocr_line ocrx_word'/>
</head>
<body>
  <div class='ocr_page' id='page_1' title='image "./historinaturali00mgoog_0427.png"; bbox 0 0 2975 4684; ppageno 0'>
   <div class='ocr_carea' id='block_1_1' title="bbox 488 391 627 476">
    <p class='ocr_par' dir='ltr' id='par_1_1' title="bbox 488 391 627 476">
     <span class='ocr_line' id='line_1_1' title="bbox 488 391 627 476; baseline 0 -17"><span class='ocrx_word' id='word_1_1' title='bbox 488 391 627 476; x_wconf 75' lang='grc'><strong>418</strong></span> 
     </span>
    </p>
   </div>
   <div class='ocr_carea' id='block_1_2' title="bbox 1016 390 2057 460">
    <p class='ocr_par' dir='ltr' id='par_1_2' title="bbox 1016 390 2057 460">
     <span class='ocr_line' id='line_1_2' title="bbox 1016 390 2057 460; baseline 0 -3"><span class='ocrx_word' id='word_1_2' title='bbox 1016 391 1095 457; x_wconf 89' lang='lat' dir='ltr'><strong>C.</strong></span> <span class='ocrx_word' id='word_1_3' title='bbox 1148 390 1477 460; x_wconf 89' lang='lat' dir='ltr'><strong>PLINII</strong></span> <span class='ocrx_word' id='word_1_4' title='bbox 1527 391 1748 459; x_wconf 89' lang='lat' dir='ltr'><strong>NAT.</strong></span> <span class='ocrx_word' id='word_1_5' title='bbox 1802 390 2057 457; x_wconf 87' lang='lat' dir='ltr'><strong>HIST.</strong></span> 
     </span>
    </p>
   </div>
   <div class='ocr_carea' id='block_1_3' title="bbox 486 506 2104 615">
    <p class='ocr_par' dir='ltr' id='par_1_3' title="bbox 486 506 2104 615">
     <span class='ocr_line' id='line_1_3' title="bbox 486 506 2104 615; baseline -0.003 -21"><span class='ocrx_word' id='word_1_6' title='bbox 486 522 808 593; x_wconf 76' lang='lat' dir='ltr'><strong>aluminis.</strong></span> <span class='ocrx_word' id='word_1_7' title='bbox 846 522 1047 589; x_wconf 87' lang='lat' dir='ltr'><strong>Virus</strong></span> <span class='ocrx_word' id='word_1_8' title='bbox 1100 520 1350 589; x_wconf 88' lang='lat' dir='ltr'><strong>alarum</strong></span> <span class='ocrx_word' id='word_1_9' title='bbox 1401 522 1801 615; x_wconf 88' lang='lat' dir='ltr'><strong>sudoresque</strong></span> <span class='ocrx_word' id='word_1_10' title='bbox 1853 521 2038 591; x_wconf 88' lang='lat' dir='ltr'><strong>sedat</strong></span> <span class='ocrx_word' id='word_1_11' title='bbox 2057 506 2104 545; x_wconf 88' lang='lat'><strong>¹⁵</strong></span> 
     </span>
    </p>
   </div>
   <div class='ocr_carea' id='block_1_4' title="bbox 2111 524 2606 617">
    <p class='ocr_par' dir='ltr' id='par_1_4' title="bbox 2111 524 2606 617">
     <span class='ocr_line' id='line_1_4' title="bbox 2111 524 2606 617; baseline 0.006 -28"><span class='ocrx_word' id='word_1_12' title='bbox 2111 572 2124 589; x_wconf 93' lang='lat'><strong>.</strong></span> <span class='ocrx_word' id='word_1_13' title='bbox 2174 524 2468 591; x_wconf 87' lang='lat' dir='ltr'><strong>Sumitur</strong></span> <span class='ocrx_word' id='word_1_14' title='bbox 2509 528 2606 617; x_wconf 84' lang='lat' dir='ltr'><strong>pi-</strong></span> 
     </span>
    </p>
   </div>
   <div class='ocr_carea' id='block_1_5' title="bbox 418 614 2670 1144">
    <p class='ocr_par' dir='ltr' id='par_1_5' title="bbox 418 614 2670 1144">
     <span class='ocr_line' id='line_1_5' title="bbox 486 614 2601 722; baseline -0 -24"><span class='ocrx_word' id='word_1_15' title='bbox 486 628 633 698; x_wconf 90' lang='lat' dir='ltr'><strong>lulis</strong></span> <span class='ocrx_word' id='word_1_16' title='bbox 664 642 896 697; x_wconf 87' lang='lat' dir='ltr'><strong>contra</strong></span> <span class='ocrx_word' id='word_1_17' title='bbox 930 626 1113 695; x_wconf 90' lang='lat' dir='ltr'><strong>lienis</strong></span> <span class='ocrx_word' id='word_1_18' title='bbox 1153 629 1351 713; x_wconf 81' lang='lat' dir='ltr'><strong>vitia,</strong></span> <span class='ocrx_word' id='word_1_19' title='bbox 1392 626 1897 722; x_wconf 84' lang='lat' dir='ltr'><strong>pellendumque</strong></span> <span class='ocrx_word' id='word_1_20' title='bbox 1936 652 2057 721; x_wconf 85' lang='lat' dir='ltr'><strong>per</strong></span> <span class='ocrx_word' id='word_1_21' title='bbox 2084 628 2339 696; x_wconf 86' lang='lat' dir='ltr'><strong>urinam</strong></span> <span class='ocrx_word' id='word_1_22' title='bbox 2359 614 2405 652; x_wconf 84' lang='lat'><strong>¹⁶</strong></span> <span class='ocrx_word' id='word_1_23' title='bbox 2443 655 2601 697; x_wconf 88' lang='lat' dir='ltr'><strong>san-</strong></span> 
     </span>
     <span class='ocr_line' id='line_1_6' title="bbox 488 731 2670 829; baseline 0 -26"><span class='ocrx_word' id='word_1_24' title='bbox 488 736 778 829; x_wconf 85' lang='lat' dir='ltr'><strong>guinem.</strong></span> <span class='ocrx_word' id='word_1_25' title='bbox 806 732 1155 802; x_wconf 81' lang='lat' dir='ltr'><strong>Emendat</strong></span> <span class='ocrx_word' id='word_1_26' title='bbox 1150 747 1221 801; x_wconf 87' lang='lat' dir='ltr'><strong>et</strong></span> <span class='ocrx_word' id='word_1_27' title='bbox 1236 731 1524 801; x_wconf 79' lang='lat' dir='ltr'><strong>scabiem</strong></span> <span class='ocrx_word' id='word_1_28' title='bbox 1541 735 1716 802; x_wconf 90' lang='lat' dir='ltr'><strong>nitro</strong></span> <span class='ocrx_word' id='word_1_29' title='bbox 1745 758 1823 802; x_wconf 86' lang='lat' dir='ltr'><strong>ac</strong></span> <span class='ocrx_word' id='word_1_30' title='bbox 1849 731 2260 803; x_wconf 78' lang='lat' dir='ltr'><strong>melanthio¹⁷</strong></span> <span class='ocrx_word' id='word_1_31' title='bbox 2279 734 2602 805; x_wconf 81' lang='lat' dir='ltr'><strong>admixtis.</strong></span> <span class='ocrx_word' id='word_1_32' title='bbox 2663 815 2670 825; x_wconf 32' lang='grc' dir='ltr'>ι</span> 
     </span>
     <span class='ocr_line' id='line_1_7' title="bbox 418 825 2608 933; baseline -0.001 -23"><span class='ocrx_word' id='word_1_33' title='bbox 418 866 449 921; x_wconf 69' lang='lat'><em>4</em></span> <span class='ocrx_word' id='word_1_34' title='bbox 488 841 795 910; x_wconf 82' lang='lat' dir='ltr'><strong>Concreti</strong></span> <span class='ocrx_word' id='word_1_35' title='bbox 814 825 1170 907; x_wconf 78' lang='lat' dir='ltr'><strong>aluminis¹³</strong></span> <span class='ocrx_word' id='word_1_36' title='bbox 1190 862 1395 907; x_wconf 91' lang='lat' dir='ltr'><strong>unum</strong></span> <span class='ocrx_word' id='word_1_37' title='bbox 1416 864 1622 933; x_wconf 87' lang='lat' dir='ltr'><strong>genus</strong></span> <span class='ocrx_word' id='word_1_38' title='bbox 1651 838 1996 909; x_wconf 85' lang='lat' dir='ltr'><strong>schiston&#39;⁹</strong></span> <span class='ocrx_word' id='word_1_39' title='bbox 2018 838 2350 933; x_wconf 85' lang='lat' dir='ltr'><strong>appellant</strong></span> <span class='ocrx_word' id='word_1_40' title='bbox 2369 843 2608 927; x_wconf 64' lang='lat' dir='ltr'><strong>Graeci,</strong></span> 
     </span>
     <span class='ocr_line' id='line_1_8' title="bbox 486 943 2606 1040; baseline 0 -27"><span class='ocrx_word' id='word_1_41' title='bbox 486 948 553 1013; x_wconf 93' lang='lat' dir='ltr'><strong>in</strong></span> <span class='ocrx_word' id='word_1_42' title='bbox 584 943 1039 1040; x_wconf 88' lang='lat' dir='ltr'><strong>capillamenta</strong></span> <span class='ocrx_word' id='word_1_43' title='bbox 1073 943 1371 1036; x_wconf 81' lang='lat' dir='ltr'><strong>quaedam</strong></span> <span class='ocrx_word' id='word_1_44' title='bbox 1402 947 1814 1015; x_wconf 81' lang='lat' dir='ltr'><strong>canescentia</strong></span> <span class='ocrx_word' id='word_1_45' title='bbox 1841 944 2204 1014; x_wconf 82' lang='lat' dir='ltr'><strong>dehiscens.</strong></span> <span class='ocrx_word' id='word_1_46' title='bbox 2239 945 2435 1016; x_wconf 89' lang='lat' dir='ltr'><strong>Unde</strong></span> <span class='ocrx_word' id='word_1_47' title='bbox 2459 948 2606 1040; x_wconf 89' lang='lat' dir='ltr'><strong>qui-</strong></span> 
     </span>
     <span class='ocr_line' id='line_1_9' title="bbox 488 1048 2606 1144; baseline 0 -25"><span class='ocrx_word' id='word_1_48' title='bbox 488 1052 643 1119; x_wconf 88' lang='lat' dir='ltr'><strong>dam</strong></span> <span class='ocrx_word' id='word_1_49' title='bbox 681 1050 970 1119; x_wconf 87' lang='lat' dir='ltr'><strong>trichitin</strong></span> <span class='ocrx_word' id='word_1_50' title='bbox 1008 1051 1225 1143; x_wconf 88' lang='lat' dir='ltr'><strong>potius</strong></span> <span class='ocrx_word' id='word_1_51' title='bbox 1256 1048 1690 1143; x_wconf 86' lang='lat' dir='ltr'><strong>appellavere.</strong></span> <span class='ocrx_word' id='word_1_52' title='bbox 1729 1054 1875 1119; x_wconf 89' lang='lat' dir='ltr'><strong>Hoc</strong></span> <span class='ocrx_word' id='word_1_53' title='bbox 1906 1050 1984 1119; x_wconf 89' lang='lat' dir='ltr'><strong>fit</strong></span> <span class='ocrx_word' id='word_1_54' title='bbox 2013 1076 2050 1119; x_wconf 90' lang='lat' dir='ltr'><strong>e</strong></span> <span class='ocrx_word' id='word_1_55' title='bbox 2083 1050 2328 1144; x_wconf 85' lang='lat' dir='ltr'><strong>lapide,</strong></span> <span class='ocrx_word' id='word_1_56' title='bbox 2369 1076 2448 1119; x_wconf 83' lang='lat' dir='ltr'><strong>ex</strong></span> <span class='ocrx_word' id='word_1_57' title='bbox 2473 1076 2606 1144; x_wconf 91' lang='lat' dir='ltr'><strong>quo</strong></span> 
     </span>
    </p>
   </div>
   <div class='ocr_carea' id='block_1_6' title="bbox 486 1154 1393 1356">
    <p class='ocr_par' dir='ltr' id='par_1_6' title="bbox 486 1154 1393 1356">
     <span class='ocr_line' id='line_1_10' title="bbox 486 1154 965 1226; baseline -0.01 0"><span class='ocrx_word' id='word_1_58' title='bbox 486 1172 555 1226; x_wconf 87' lang='lat' dir='ltr'><strong>et</strong></span> <span class='ocrx_word' id='word_1_59' title='bbox 596 1154 965 1225; x_wconf 83' lang='lat' dir='ltr'><strong>chalcitin²⁰</strong></span> 
     </span>
     <span class='ocr_line' id='line_1_11' title="bbox 486 1259 1393 1356; baseline -0.001 -27"><span class='ocrx_word' id='word_1_60' title='bbox 486 1266 552 1329; x_wconf 91' lang='lat' dir='ltr'><strong>in</strong></span> <span class='ocrx_word' id='word_1_61' title='bbox 618 1284 919 1356; x_wconf 89' lang='lat' dir='ltr'><strong>spumam</strong></span> <span class='ocrx_word' id='word_1_62' title='bbox 990 1259 1393 1355; x_wconf 85' lang='lat' dir='ltr'><strong>coagulatus.</strong></span> 
     </span>
    </p>
   </div>
   <div class='ocr_carea' id='block_1_7' title="bbox 486 1154 2610 1460">
    <p class='ocr_par' dir='ltr' id='par_1_7' title="bbox 486 1154 2610 1460">
     <span class='ocr_line' id='line_1_12' title="bbox 1026 1154 2606 1250; baseline 0.003 -30"><span class='ocrx_word' id='word_1_63' title='bbox 1026 1169 1271 1223; x_wconf 86' lang='lat' dir='ltr'><strong>vocant</strong></span> <span class='ocrx_word' id='word_1_64' title='bbox 1308 1180 1321 1221; x_wconf 92' lang='lat'><strong>:</strong></span> <span class='ocrx_word' id='word_1_65' title='bbox 1374 1170 1447 1223; x_wconf 86' lang='lat' dir='ltr'><strong>ut</strong></span> <span class='ocrx_word' id='word_1_66' title='bbox 1503 1158 1586 1224; x_wconf 90' lang='lat' dir='ltr'><strong>sit</strong></span> <span class='ocrx_word' id='word_1_67' title='bbox 1627 1155 1830 1225; x_wconf 89' lang='lat' dir='ltr'><strong>sudor</strong></span> <span class='ocrx_word' id='word_1_68' title='bbox 1873 1154 2138 1249; x_wconf 89' lang='lat' dir='ltr'><strong>quidam</strong></span> <span class='ocrx_word' id='word_1_69' title='bbox 2193 1156 2332 1248; x_wconf 90' lang='lat' dir='ltr'><strong>ejus</strong></span> <span class='ocrx_word' id='word_1_70' title='bbox 2375 1155 2606 1250; x_wconf 88' lang='lat' dir='ltr'><strong>lapidis</strong></span> 
     </span>
     <span class='ocr_line' id='line_1_13' title="bbox 1488 1258 2610 1355; baseline 0.001 -27"><span class='ocrx_word' id='word_1_71' title='bbox 1488 1264 1637 1329; x_wconf 92' lang='lat' dir='ltr'><strong>Hoc</strong></span> <span class='ocrx_word' id='word_1_72' title='bbox 1717 1285 1925 1355; x_wconf 85' lang='lat' dir='ltr'><strong>genus</strong></span> <span class='ocrx_word' id='word_1_73' title='bbox 2011 1258 2314 1331; x_wconf 80' lang='lat' dir='ltr'><strong>aluminis</strong></span> <span class='ocrx_word' id='word_1_74' title='bbox 2392 1263 2610 1330; x_wconf 90' lang='lat' dir='ltr'><strong>minus</strong></span> 
     </span>
     <span class='ocr_line' id='line_1_14' title="bbox 486 1364 1820 1460; baseline -0.001 -23"><span class='ocrx_word' id='word_1_75' title='bbox 486 1369 653 1437; x_wconf 85' lang='lat' dir='ltr'><strong>sistit</strong></span> <span class='ocrx_word' id='word_1_76' title='bbox 697 1365 1049 1435; x_wconf 86' lang='lat' dir='ltr'><strong>humorem</strong></span> <span class='ocrx_word' id='word_1_77' title='bbox 1088 1364 1385 1434; x_wconf 85' lang='lat' dir='ltr'><strong>inutilem</strong></span> <span class='ocrx_word' id='word_1_78' title='bbox 1426 1368 1820 1460; x_wconf 85' lang='lat' dir='ltr'><strong>corporibus</strong></span> 
     </span>
    </p>
   </div>
   <div class='ocr_carea' id='block_1_8' title="bbox 1837 1367 2600 1436">
    <p class='ocr_par' dir='ltr' id='par_1_8' title="bbox 1837 1367 2600 1436">
     <span class='ocr_line' id='line_1_15' title="bbox 1837 1367 2600 1436; baseline 0.001 -2"><span class='ocrx_word' id='word_1_79' title='bbox 1837 1369 1902 1434; x_wconf 83' lang='lat'><strong>²¹.</strong></span> <span class='ocrx_word' id='word_1_80' title='bbox 1964 1367 2092 1435; x_wconf 87' lang='lat' dir='ltr'><strong>Sed</strong></span> <span class='ocrx_word' id='word_1_81' title='bbox 2148 1367 2414 1436; x_wconf 83' lang='lat' dir='ltr'><strong>auribus</strong></span> <span class='ocrx_word' id='word_1_82' title='bbox 2457 1391 2600 1435; x_wconf 84' lang='lat' dir='ltr'><strong>ma-</strong></span> 
     </span>
    </p>
   </div>
   <div class='ocr_carea' id='block_1_9' title="bbox 484 1470 2607 1568">
    <p class='ocr_par' dir='ltr' id='par_1_9' title="bbox 484 1470 2607 1568">
     <span class='ocr_line' id='line_1_16' title="bbox 484 1470 2607 1568; baseline 0.001 -29"><span class='ocrx_word' id='word_1_83' title='bbox 484 1498 775 1568; x_wconf 84' lang='lat' dir='ltr'><strong>gnopere</strong></span> <span class='ocrx_word' id='word_1_84' title='bbox 834 1471 1163 1566; x_wconf 85' lang='lat' dir='ltr'><strong>prodest&#39;²</strong></span> <span class='ocrx_word' id='word_1_85' title='bbox 1204 1470 1526 1560; x_wconf 88' lang='lat' dir='ltr'><strong>infusum,</strong></span> <span class='ocrx_word' id='word_1_86' title='bbox 1575 1471 1679 1540; x_wconf 82' lang='lat' dir='ltr'><strong>vel</strong></span> <span class='ocrx_word' id='word_1_87' title='bbox 1733 1470 2004 1559; x_wconf 88' lang='lat' dir='ltr'><strong>illitum,</strong></span> <span class='ocrx_word' id='word_1_88' title='bbox 2043 1472 2148 1541; x_wconf 86' lang='lat' dir='ltr'><strong>vel</strong></span> <span class='ocrx_word' id='word_1_89' title='bbox 2187 1474 2320 1541; x_wconf 87' lang='lat' dir='ltr'><strong>oris</strong></span> <span class='ocrx_word' id='word_1_90' title='bbox 2378 1471 2607 1541; x_wconf 86' lang='lat' dir='ltr'><strong>hulce-</strong></span> 
     </span>
    </p>
   </div>
   <div class='ocr_carea' id='block_1_10' title="bbox 478 1687 1516 4127">
    <p class='ocr_par' dir='ltr' id='par_1_10' title="bbox 478 1687 1508 2628">
     <span class='ocr_line' id='line_1_17' title="bbox 564 1687 1504 1759; baseline -0.004 -16"><span class='ocrx_word' id='word_1_91' title='bbox 564 1710 587 1743; x_wconf 83' lang='grc' dir='ltr'><strong>ι</strong></span> <span class='ocrx_word' id='word_1_92' title='bbox 603 1690 655 1744; x_wconf 84' lang='grc'><strong>5.</strong></span> <span class='ocrx_word' id='word_1_93' title='bbox 702 1690 852 1742; x_wconf 81' lang='lat' dir='ltr'><strong>Virus</strong></span> <span class='ocrx_word' id='word_1_94' title='bbox 892 1688 1077 1739; x_wconf 80' lang='lat' dir='ltr'><strong>alarum</strong></span> <span class='ocrx_word' id='word_1_95' title='bbox 1109 1687 1393 1759; x_wconf 80' lang='lat' dir='ltr'><strong>sudoresque</strong></span> <span class='ocrx_word' id='word_1_96' title='bbox 1430 1707 1504 1739; x_wconf 80' lang='lat' dir='ltr'><strong>se-</strong></span> 
     </span>
     <span class='ocr_line' id='line_1_18' title="bbox 479 1766 1502 1858; baseline 0 -37"><span class='ocrx_word' id='word_1_97' title='bbox 479 1770 584 1821; x_wconf 78' lang='lat' dir='ltr'><strong>dat.</strong></span> <span class='ocrx_word' id='word_1_98' title='bbox 614 1766 1502 1858; x_wconf 77' lang='lat' dir='ltr'><strong>Marc.Empir.c.xv111,p.1283</strong></span> 
     </span>
     <span class='ocr_line' id='line_1_19' title="bbox 478 1845 1504 1901; baseline -0.003 0"><span class='ocrx_word' id='word_1_99' title='bbox 478 1849 719 1901; x_wconf 85' lang='lat' dir='ltr'><strong>Dioscor.</strong></span> <span class='ocrx_word' id='word_1_100' title='bbox 747 1847 851 1898; x_wconf 90' lang='lat' dir='ltr'><strong>loc.</strong></span> <span class='ocrx_word' id='word_1_101' title='bbox 876 1845 966 1896; x_wconf 90' lang='lat' dir='ltr'><strong>cit.</strong></span> <span class='ocrx_word' id='word_1_102' title='bbox 990 1846 1059 1897; x_wconf 87' lang='lat' dir='ltr'><strong>H.</strong></span> <span class='ocrx_word' id='word_1_103' title='bbox 1082 1845 1343 1897; x_wconf 73' lang='lat' dir='ltr'><strong>—Virus.</strong></span> <span class='ocrx_word' id='word_1_104' title='bbox 1368 1846 1504 1898; x_wconf 77' lang='lat' dir='ltr'><strong>Alu-</strong></span> 
     </span>
     <span class='ocr_line' id='line_1_20' title="bbox 480 1923 1502 1978; baseline -0.001 -1"><span class='ocrx_word' id='word_1_105' title='bbox 480 1946 603 1978; x_wconf 89' lang='lat' dir='ltr'><strong>men</strong></span> <span class='ocrx_word' id='word_1_106' title='bbox 624 1939 799 1978; x_wconf 87' lang='lat' dir='ltr'><strong>ustum</strong></span> <span class='ocrx_word' id='word_1_107' title='bbox 820 1923 991 1975; x_wconf 86' lang='lat' dir='ltr'><strong>carnis</strong></span> <span class='ocrx_word' id='word_1_108' title='bbox 1016 1924 1391 1977; x_wconf 71' lang='lat' dir='ltr'><strong>excrescendas</strong></span> <span class='ocrx_word' id='word_1_109' title='bbox 1410 1926 1502 1976; x_wconf 84' lang='lat' dir='ltr'><strong>ab·</strong></span> 
     </span>
     <span class='ocr_line' id='line_1_21' title="bbox 482 2000 1505 2073; baseline -0.002 -15"><span class='ocrx_word' id='word_1_110' title='bbox 482 2005 665 2068; x_wconf 88' lang='lat' dir='ltr'><strong>sumit;</strong></span> <span class='ocrx_word' id='word_1_111' title='bbox 691 2015 743 2055; x_wconf 88' lang='lat' dir='ltr'><strong>et</strong></span> <span class='ocrx_word' id='word_1_112' title='bbox 763 2000 828 2054; x_wconf 85' lang='lat' dir='ltr'><strong>ad</strong></span> <span class='ocrx_word' id='word_1_113' title='bbox 852 2002 1051 2054; x_wconf 84' lang='lat' dir='ltr'><strong>alarum</strong></span> <span class='ocrx_word' id='word_1_114' title='bbox 1069 2034 1087 2061; x_wconf 89' lang='lat'>‚</span> <span class='ocrx_word' id='word_1_115' title='bbox 1119 2004 1392 2073; x_wconf 80' lang='lat' dir='ltr'><strong>inguinum</strong></span> <span class='ocrx_word' id='word_1_116' title='bbox 1409 2042 1425 2067; x_wconf 88' lang='lat'><strong>,</strong></span> <span class='ocrx_word' id='word_1_117' title='bbox 1450 2016 1505 2056; x_wconf 88' lang='lat' dir='ltr'><strong>et</strong></span> 
     </span>
     <span class='ocr_line' id='line_1_22' title="bbox 481 2080 1502 2155; baseline -0.002 -20"><span class='ocrx_word' id='word_1_118' title='bbox 481 2082 679 2155; x_wconf 83' lang='lat' dir='ltr'><strong>pedum</strong></span> <span class='ocrx_word' id='word_1_119' title='bbox 708 2082 945 2134; x_wconf 81' lang='lat' dir='ltr'><strong>foetorem</strong></span> <span class='ocrx_word' id='word_1_120' title='bbox 972 2080 1329 2134; x_wconf 84' lang='lat' dir='ltr'><strong>cohibendum</strong></span> <span class='ocrx_word' id='word_1_121' title='bbox 1350 2122 1366 2146; x_wconf 89' lang='lat'>‚</span> <span class='ocrx_word' id='word_1_122' title='bbox 1399 2082 1502 2133; x_wconf 89' lang='lat' dir='ltr'><strong>lin·</strong></span> 
     </span>
     <span class='ocr_line' id='line_1_23' title="bbox 481 2158 1504 2232; baseline -0.002 -17"><span class='ocrx_word' id='word_1_123' title='bbox 481 2162 579 2216; x_wconf 89' lang='lat' dir='ltr'><strong>teis</strong></span> <span class='ocrx_word' id='word_1_124' title='bbox 599 2178 937 2232; x_wconf 86' lang='lat' dir='ltr'><strong>conspersum</strong></span> <span class='ocrx_word' id='word_1_125' title='bbox 957 2158 1262 2231; x_wconf 78' lang='lat' dir='ltr'><strong>frequenter</strong></span> <span class='ocrx_word' id='word_1_126' title='bbox 1281 2179 1504 2231; x_wconf 85' lang='lat' dir='ltr'><strong>usurpa-</strong></span> 
     </span>
     <span class='ocr_line' id='line_1_24' title="bbox 482 2238 1502 2303; baseline -0.003 -9"><span class='ocrx_word' id='word_1_127' title='bbox 482 2254 588 2295; x_wconf 84' lang='lat' dir='ltr'><strong>tur.</strong></span> <span class='ocrx_word' id='word_1_128' title='bbox 628 2240 835 2296; x_wconf 80' lang='lat' dir='ltr'><strong>Geoffr.</strong></span> <span class='ocrx_word' id='word_1_129' title='bbox 871 2238 1064 2291; x_wconf 80' lang='lat' dir='ltr'><strong>Mater.</strong></span> <span class='ocrx_word' id='word_1_130' title='bbox 1102 2238 1241 2292; x_wconf 81' lang='lat' dir='ltr'><strong>med.</strong></span> <span class='ocrx_word' id='word_1_131' title='bbox 1280 2254 1411 2293; x_wconf 85' lang='lat' dir='ltr'><strong>tom.</strong></span> <span class='ocrx_word' id='word_1_132' title='bbox 1440 2240 1502 2303; x_wconf 90' lang='lat'><strong>1,</strong></span> 
     </span>
     <span class='ocr_line' id='line_1_25' title="bbox 479 2317 1506 2393; baseline -0.004 -18"><span class='ocrx_word' id='word_1_133' title='bbox 479 2341 599 2393; x_wconf 85' lang='lat' dir='ltr'><strong>pag.</strong></span> <span class='ocrx_word' id='word_1_134' title='bbox 648 2321 778 2385; x_wconf 73' lang='lat'><strong>143.</strong></span> <span class='ocrx_word' id='word_1_135' title='bbox 829 2317 1143 2372; x_wconf 79' lang='lat' dir='ltr'><strong>cautissime</strong></span> <span class='ocrx_word' id='word_1_136' title='bbox 1190 2332 1366 2372; x_wconf 87' lang='lat' dir='ltr'><strong>tamen</strong></span> <span class='ocrx_word' id='word_1_137' title='bbox 1400 2324 1506 2372; x_wconf 88' lang='lat' dir='ltr'><strong>hoc</strong></span> 
     </span>
     <span class='ocr_line' id='line_1_26' title="bbox 482 2395 1508 2468; baseline -0.004 -15"><span class='ocrx_word' id='word_1_138' title='bbox 482 2398 723 2453; x_wconf 81' lang='lat' dir='ltr'><strong>remedio</strong></span> <span class='ocrx_word' id='word_1_139' title='bbox 750 2395 1008 2451; x_wconf 86' lang='lat' dir='ltr'><strong>utendum</strong></span> <span class='ocrx_word' id='word_1_140' title='bbox 1030 2437 1046 2463; x_wconf 88' lang='lat'>,</span> <span class='ocrx_word' id='word_1_141' title='bbox 1072 2415 1141 2450; x_wconf 89' lang='lat' dir='ltr'><strong>ne</strong></span> <span class='ocrx_word' id='word_1_142' title='bbox 1163 2398 1508 2468; x_wconf 82' lang='lat' dir='ltr'><strong>periculosio-</strong></span> 
     </span>
     <span class='ocr_line' id='line_1_27' title="bbox 482 2476 1505 2548; baseline -0.002 -17"><span class='ocrx_word' id='word_1_143' title='bbox 482 2498 568 2532; x_wconf 85' lang='lat' dir='ltr'><strong>res</strong></span> <span class='ocrx_word' id='word_1_144' title='bbox 594 2479 692 2540; x_wconf 90' lang='lat' dir='ltr'><strong>iis,</strong></span> <span class='ocrx_word' id='word_1_145' title='bbox 725 2495 859 2548; x_wconf 85' lang='lat' dir='ltr'><strong>quos</strong></span> <span class='ocrx_word' id='word_1_146' title='bbox 890 2476 963 2529; x_wconf 84' lang='lat' dir='ltr'><strong>ita</strong></span> <span class='ocrx_word' id='word_1_147' title='bbox 992 2478 1289 2540; x_wconf 77' lang='lat' dir='ltr'><strong>curaveris,</strong></span> <span class='ocrx_word' id='word_1_148' title='bbox 1324 2479 1505 2531; x_wconf 85' lang='lat' dir='ltr'><strong>subse-</strong></span> 
     </span>
     <span class='ocr_line' id='line_1_28' title="bbox 484 2555 1065 2628; baseline -0.003 -18"><span class='ocrx_word' id='word_1_149' title='bbox 484 2569 712 2628; x_wconf 77' lang='lat' dir='ltr'><strong>quantur</strong></span> <span class='ocrx_word' id='word_1_150' title='bbox 733 2555 927 2608; x_wconf 83' lang='lat' dir='ltr'><strong>morbi.</strong></span> <span class='ocrx_word' id='word_1_151' title='bbox 964 2556 1065 2609; x_wconf 84' lang='lat' dir='ltr'><strong>En.</strong></span> 
     </span>
    </p>

    <p class='ocr_par' dir='ltr' id='par_1_11' title="bbox 481 2634 1508 2867">
     <span class='ocr_line' id='line_1_29' title="bbox 572 2634 1505 2707; baseline -0.004 -18"><span class='ocrx_word' id='word_1_152' title='bbox 572 2640 662 2691; x_wconf 80' lang='lat'><strong>16.</strong></span> <span class='ocrx_word' id='word_1_153' title='bbox 688 2634 1054 2707; x_wconf 78' lang='lat' dir='ltr'><strong>Pellendumque</strong></span> <span class='ocrx_word' id='word_1_154' title='bbox 1064 2655 1156 2705; x_wconf 82' lang='lat' dir='ltr'><strong>per</strong></span> <span class='ocrx_word' id='word_1_155' title='bbox 1180 2639 1366 2687; x_wconf 75' lang='lat' dir='ltr'><strong>urinam</strong></span> <span class='ocrx_word' id='word_1_156' title='bbox 1392 2654 1505 2685; x_wconf 77' lang='lat' dir='ltr'><strong>san·</strong></span> 
     </span>
     <span class='ocr_line' id='line_1_30' title="bbox 481 2712 1508 2784; baseline -0.001 -19"><span class='ocrx_word' id='word_1_157' title='bbox 481 2718 688 2784; x_wconf 73' lang='lat' dir='ltr'><strong>guinem.</strong></span> <span class='ocrx_word' id='word_1_158' title='bbox 715 2715 885 2768; x_wconf 84' lang='lat' dir='ltr'><strong>Gron.</strong></span> <span class='ocrx_word' id='word_1_159' title='bbox 910 2726 961 2766; x_wconf 91' lang='lat' dir='ltr'><strong>et</strong></span> <span class='ocrx_word' id='word_1_160' title='bbox 976 2713 1058 2766; x_wconf 87' lang='lat' dir='ltr'><strong>Al.</strong></span> <span class='ocrx_word' id='word_1_161' title='bbox 1074 2726 1197 2766; x_wconf 88' lang='lat' dir='ltr'><strong>ante</strong></span> <span class='ocrx_word' id='word_1_162' title='bbox 1214 2712 1378 2766; x_wconf 79' lang='lat' dir='ltr'><strong>Hard.</strong></span> <span class='ocrx_word' id='word_1_163' title='bbox 1400 2714 1508 2783; x_wconf 80' lang='lat' dir='ltr'><strong>pel-</strong></span> 
     </span>
     <span class='ocr_line' id='line_1_31' title="bbox 490 2793 1477 2867; baseline 0.001 -23"><span class='ocrx_word' id='word_1_164' title='bbox 490 2794 765 2867; x_wconf 73' lang='lat' dir='ltr'><strong>lendumque</strong></span> <span class='ocrx_word' id='word_1_165' title='bbox 783 2796 1020 2865; x_wconf 74' lang='lat' dir='ltr'><strong>pruritum</strong></span> <span class='ocrx_word' id='word_1_166' title='bbox 1046 2814 1104 2844; x_wconf 80' lang='lat' dir='ltr'><strong>ac</strong></span> <span class='ocrx_word' id='word_1_167' title='bbox 1118 2814 1222 2863; x_wconf 84' lang='lat' dir='ltr'><strong>per,</strong></span> <span class='ocrx_word' id='word_1_168' title='bbox 1248 2805 1347 2845; x_wconf 79' lang='lat' dir='ltr'><strong>etc.</strong></span> <span class='ocrx_word' id='word_1_169' title='bbox 1370 2793 1477 2845; x_wconf 74' lang='lat' dir='ltr'><strong>En.</strong></span> 
     </span>
    </p>

    <p class='ocr_par' dir='ltr' id='par_1_12' title="bbox 488 2870 1507 3100">
     <span class='ocr_line' id='line_1_32' title="bbox 572 2870 1507 2945; baseline -0.003 -20"><span class='ocrx_word' id='word_1_170' title='bbox 572 2892 658 2945; x_wconf 88' lang='lat'><strong>17.</strong></span> <span class='ocrx_word' id='word_1_171' title='bbox 686 2874 969 2926; x_wconf 74' lang='lat' dir='ltr'><strong>Melanthio.</strong></span> <span class='ocrx_word' id='word_1_172' title='bbox 986 2870 1121 2925; x_wconf 66' lang='lat' dir='ltr'><strong>Sive</strong></span> <span class='ocrx_word' id='word_1_173' title='bbox 1152 2872 1306 2940; x_wconf 72' lang='lat' dir='ltr'><strong>gith3</strong></span> <span class='ocrx_word' id='word_1_174' title='bbox 1353 2872 1507 2923; x_wconf 90' lang='lat' dir='ltr'><strong>nobis</strong></span> 
     </span>
     <span class='ocr_line' id='line_1_33' title="bbox 490 2947 1506 3022; baseline -0.004 -17"><span class='ocrx_word' id='word_1_175' title='bbox 490 2954 691 3022; x_wconf 76' lang='lat' dir='ltr'><strong>Nigella</strong></span> <span class='ocrx_word' id='word_1_176' title='bbox 715 2957 895 3016; x_wconf 72' lang='lat' dir='ltr'><strong>sativa,</strong></span> <span class='ocrx_word' id='word_1_177' title='bbox 920 2952 971 3002; x_wconf 81' lang='grc' dir='ltr'><strong>ἱα</strong></span> <span class='ocrx_word' id='word_1_178' title='bbox 998 2952 1168 3015; x_wconf 66' lang='lat' dir='ltr'><strong>niella,</strong></span> <span class='ocrx_word' id='word_1_179' title='bbox 1199 2948 1265 3002; x_wconf 89' lang='lat' dir='ltr'><strong>de</strong></span> <span class='ocrx_word' id='word_1_180' title='bbox 1294 2968 1396 3021; x_wconf 84' lang='lat' dir='ltr'><strong>qua</strong></span> <span class='ocrx_word' id='word_1_181' title='bbox 1423 2947 1506 3001; x_wconf 88' lang='lat' dir='ltr'><strong>di-</strong></span> 
     </span>
     <span class='ocr_line' id='line_1_34' title="bbox 488 3030 1359 3100; baseline -0.002 -18"><span class='ocrx_word' id='word_1_182' title='bbox 488 3031 661 3085; x_wconf 81' lang='lat' dir='ltr'><strong>ximus</strong></span> <span class='ocrx_word' id='word_1_183' title='bbox 688 3032 785 3085; x_wconf 83' lang='lat' dir='ltr'><strong>lib.</strong></span> <span class='ocrx_word' id='word_1_184' title='bbox 811 3030 941 3095; x_wconf 85' lang='lat' dir='ltr'><strong>XX,</strong></span> <span class='ocrx_word' id='word_1_185' title='bbox 980 3048 1097 3100; x_wconf 82' lang='lat' dir='ltr'><strong>cap.</strong></span> <span class='ocrx_word' id='word_1_186' title='bbox 1128 3049 1221 3099; x_wconf 90' lang='lat'><strong>7¹·</strong></span> <span class='ocrx_word' id='word_1_187' title='bbox 1254 3030 1359 3081; x_wconf 83' lang='lat' dir='ltr'><strong>En.</strong></span> 
     </span>
    </p>

    <p class='ocr_par' dir='ltr' id='par_1_13' title="bbox 488 3107 1516 4127">
     <span class='ocr_line' id='line_1_35' title="bbox 577 3107 1504 3164; baseline -0.003 -2"><span class='ocrx_word' id='word_1_188' title='bbox 577 3114 667 3164; x_wconf 82' lang='lat'><strong>18.</strong></span> <span class='ocrx_word' id='word_1_189' title='bbox 711 3111 934 3163; x_wconf 74' lang='lat' dir='ltr'><strong>Concreta&#39;</strong></span> <span class='ocrx_word' id='word_1_190' title='bbox 982 3109 1218 3161; x_wconf 74' lang='lat' dir='ltr'><strong>aluminis.</strong></span> <span class='ocrx_word' id='word_1_191' title='bbox 1258 3107 1504 3161; x_wconf 82' lang='lat' dir='ltr'><strong>Totidem</strong></span> 
     </span>
     <span class='ocr_line' id='line_1_36' title="bbox 492 3180 1509 3259; baseline -0.002 -20"><span class='ocrx_word' id='word_1_192' title='bbox 492 3188 666 3240; x_wconf 81' lang='lat' dir='ltr'><strong>verbis</strong></span> <span class='ocrx_word' id='word_1_193' title='bbox 703 3190 942 3241; x_wconf 85' lang='lat' dir='ltr'><strong>Dioscor.</strong></span> <span class='ocrx_word' id='word_1_194' title='bbox 979 3187 1085 3240; x_wconf 91' lang='lat' dir='ltr'><strong>loc.</strong></span> <span class='ocrx_word' id='word_1_195' title='bbox 1129 3188 1219 3240; x_wconf 85' lang='lat' dir='ltr'><strong>cit.</strong></span> <span class='ocrx_word' id='word_1_196' title='bbox 1260 3180 1412 3259; x_wconf 58' lang='lat' dir='ltr'><strong>Apim</strong></span> <span class='ocrx_word' id='word_1_197' title='bbox 1447 3181 1509 3238; x_wconf 71' lang='grc' dir='ltr'><strong>δὲ</strong></span> 
     </span>
     <span class='ocr_line' id='line_1_37' title="bbox 488 3267 1512 3335; baseline -0.002 -16"><span class='ocrx_word' id='word_1_198' title='bbox 488 3267 751 3334; x_wconf 46' lang='lat' dir='ltr'><strong>{maim-uvi</strong></span> <span class='ocrx_word' id='word_1_199' title='bbox 788 3268 1033 3335; x_wconf 67' lang='lat' dir='ltr'><strong>eum-opta</strong></span> <span class='ocrx_word' id='word_1_200' title='bbox 1076 3267 1280 3334; x_wconf 76' lang='grc' dir='ltr'><strong>σχιςὴ...</strong></span> <span class='ocrx_word' id='word_1_201' title='bbox 1327 3268 1377 3318; x_wconf 76' lang='grc' dir='ltr'><strong>οὐ</strong></span> <span class='ocrx_word' id='word_1_202' title='bbox 1421 3285 1512 3317; x_wconf 75' lang='grc' dir='ltr'><strong>πι-</strong></span> 
     </span>
     <span class='ocr_line' id='line_1_38' title="bbox 490 3340 1512 3414; baseline -0.002 -16"><span class='ocrx_word' id='word_1_203' title='bbox 490 3348 727 3414; x_wconf 62' lang='lat' dir='ltr'><strong>semoy-ivn</strong></span> <span class='ocrx_word' id='word_1_204' title='bbox 762 3340 979 3409; x_wconf 67' lang='grc' dir='ltr'><strong>βωληὸὸν</strong></span> <span class='ocrx_word' id='word_1_205' title='bbox 1003 3346 1035 3401; x_wconf 75' lang='grc' dir='ltr'><strong>ἢ</strong></span> <span class='ocrx_word' id='word_1_206' title='bbox 1062 3340 1386 3412; x_wconf 66' lang='grc' dir='ltr'><strong>σχιᾶακηὸὸν,</strong></span> <span class='ocrx_word' id='word_1_207' title='bbox 1406 3346 1512 3396; x_wconf 78' lang='grc' dir='ltr'><strong>ἀλλ’</strong></span> 
     </span>
     <span class='ocr_line' id='line_1_39' title="bbox 494 3419 1510 3494; baseline -0.003 -17"><span class='ocrx_word' id='word_1_208' title='bbox 494 3426 731 3494; x_wconf 58' lang='lat' dir='ltr'><strong>&amp;Emptis-n</strong></span> <span class='ocrx_word' id='word_1_209' title='bbox 756 3422 889 3475; x_wconf 74' lang='grc' dir='ltr'><strong>κατὰ</strong></span> <span class='ocrx_word' id='word_1_210' title='bbox 911 3419 1135 3493; x_wconf 66' lang='grc' dir='ltr'><strong>μονάδας</strong></span> <span class='ocrx_word' id='word_1_211' title='bbox 1153 3428 1345 3485; x_wconf 77' lang='grc' dir='ltr'>πολιαῖς</span> <span class='ocrx_word' id='word_1_212' title='bbox 1368 3422 1510 3493; x_wconf 79' lang='grc' dir='ltr'><strong>θριξὶν</strong></span> 
     </span>
     <span class='ocr_line' id='line_1_40' title="bbox 494 3502 1510 3576; baseline -0.004 -19"><span class='ocrx_word' id='word_1_213' title='bbox 494 3507 724 3576; x_wconf 72' lang='grc' dir='ltr'><strong>Ιμφιρῶς·</strong></span> <span class='ocrx_word' id='word_1_214' title='bbox 752 3503 830 3555; x_wconf 84' lang='grc' dir='ltr'><strong>οἶα.</strong></span> <span class='ocrx_word' id='word_1_215' title='bbox 856 3502 953 3561; x_wconf 57' lang='lat' dir='ltr'><strong>{civ</strong></span> <span class='ocrx_word' id='word_1_216' title='bbox 976 3504 1009 3557; x_wconf 73' lang='grc' dir='ltr'>ἡ</span> <span class='ocrx_word' id='word_1_217' title='bbox 1028 3504 1261 3571; x_wconf 70' lang='grc' dir='ltr'><strong>λεγομένη</strong></span> <span class='ocrx_word' id='word_1_218' title='bbox 1283 3505 1510 3573; x_wconf 81' lang='grc' dir='ltr'><strong>τριχῖτις,</strong></span> 
     </span>
     <span class='ocr_line' id='line_1_41' title="bbox 493 3576 1514 3654; baseline -0.005 -17"><span class='ocrx_word' id='word_1_219' title='bbox 493 3583 765 3654; x_wconf 68' lang='grc' dir='ltr'><strong>γεννωμένη</strong></span> <span class='ocrx_word' id='word_1_220' title='bbox 805 3576 864 3632; x_wconf 64' lang='grc' dir='ltr'><strong>ὃὸ</strong></span> <span class='ocrx_word' id='word_1_221' title='bbox 911 3584 957 3632; x_wconf 69' lang='grc' dir='ltr'><strong>ἐν</strong></span> <span class='ocrx_word' id='word_1_222' title='bbox 999 3581 1255 3650; x_wconf 74' lang='grc' dir='ltr'><strong>Αἰγύπτῳ.</strong></span> <span class='ocrx_word' id='word_1_223' title='bbox 1296 3606 1317 3626; x_wconf 81' lang='grc' dir='ltr'><strong>ιι</strong></span> <span class='ocrx_word' id='word_1_224' title='bbox 1359 3581 1514 3651; x_wconf 76' lang='lat' dir='ltr'><strong>Opti-</strong></span> 
     </span>
     <span class='ocr_line' id='line_1_42' title="bbox 496 3658 1515 3728; baseline -0.003 -13"><span class='ocrx_word' id='word_1_225' title='bbox 496 3682 645 3715; x_wconf 88' lang='lat' dir='ltr'><strong>mum</strong></span> <span class='ocrx_word' id='word_1_226' title='bbox 682 3678 807 3713; x_wconf 78' lang='lat' dir='ltr'><strong>vero</strong></span> <span class='ocrx_word' id='word_1_227' title='bbox 844 3658 1055 3711; x_wconf 83' lang='lat' dir='ltr'><strong>alumen</strong></span> <span class='ocrx_word' id='word_1_228' title='bbox 1081 3658 1329 3711; x_wconf 82' lang='lat' dir='ltr'><strong>scissile...</strong></span> <span class='ocrx_word' id='word_1_229' title='bbox 1366 3658 1515 3728; x_wconf 86' lang='lat' dir='ltr'><strong>quod</strong></span> 
     </span>
     <span class='ocr_line' id='line_1_43' title="bbox 495 3738 1516 3811; baseline -0.005 -18"><span class='ocrx_word' id='word_1_230' title='bbox 495 3760 595 3794; x_wconf 83' lang='lat' dir='ltr'><strong>uec</strong></span> <span class='ocrx_word' id='word_1_231' title='bbox 621 3738 886 3811; x_wconf 82' lang='lat' dir='ltr'><strong>glebulose</strong></span> <span class='ocrx_word' id='word_1_232' title='bbox 920 3750 1011 3790; x_wconf 86' lang='lat' dir='ltr'><strong>aut</strong></span> <span class='ocrx_word' id='word_1_233' title='bbox 1042 3738 1267 3791; x_wconf 84' lang='lat' dir='ltr'><strong>assulose</strong></span> <span class='ocrx_word' id='word_1_234' title='bbox 1305 3748 1516 3807; x_wconf 85' lang='lat' dir='ltr'><strong>c’ompa-</strong></span> 
     </span>
     <span class='ocr_line' id='line_1_44' title="bbox 498 3816 1511 3888; baseline -0.003 -16"><span class='ocrx_word' id='word_1_235' title='bbox 498 3832 678 3886; x_wconf 82' lang='lat' dir='ltr'><strong>ctum,</strong></span> <span class='ocrx_word' id='word_1_236' title='bbox 714 3818 805 3873; x_wconf 90' lang='lat' dir='ltr'><strong>sed</strong></span> <span class='ocrx_word' id='word_1_237' title='bbox 845 3816 1108 3888; x_wconf 83' lang='lat' dir='ltr'><strong>sigillatim</strong></span> <span class='ocrx_word' id='word_1_238' title='bbox 1149 3816 1297 3887; x_wconf 82' lang='lat' dir='ltr'><strong>quasi</strong></span> <span class='ocrx_word' id='word_1_239' title='bbox 1328 3818 1385 3868; x_wconf 88' lang='lat' dir='ltr'><strong>in</strong></span> <span class='ocrx_word' id='word_1_240' title='bbox 1426 3834 1511 3869; x_wconf 88' lang='lat' dir='ltr'><strong>ca—</strong></span> 
     </span>
     <span class='ocr_line' id='line_1_45' title="bbox 496 3894 1506 3969; baseline -0.003 -19"><span class='ocrx_word' id='word_1_241' title='bbox 496 3900 800 3969; x_wconf 79' lang='lat' dir='ltr'><strong>pillamenta</strong></span> <span class='ocrx_word' id='word_1_242' title='bbox 838 3896 1162 3950; x_wconf 84' lang='lat' dir='ltr'><strong>canescentia</strong></span> <span class='ocrx_word' id='word_1_243' title='bbox 1196 3894 1506 3948; x_wconf 83' lang='lat' dir='ltr'><strong>dehiscens.</strong></span> 
     </span>
     <span class='ocr_line' id='line_1_46' title="bbox 498 3975 1509 4051; baseline 0.001 -24"><span class='ocrx_word' id='word_1_244' title='bbox 498 3977 652 4045; x_wconf 85' lang='lat' dir='ltr'><strong>quale</strong></span> <span class='ocrx_word' id='word_1_245' title='bbox 692 3990 768 4029; x_wconf 92' lang='lat' dir='ltr'><strong>est</strong></span> <span class='ocrx_word' id='word_1_246' title='bbox 801 3975 957 4051; x_wconf 86' lang='lat' dir='ltr'><strong>quod</strong></span> <span class='ocrx_word' id='word_1_247' title='bbox 978 3975 1234 4041; x_wconf 79' lang='lat' dir='ltr'><strong>trichites,</strong></span> <span class='ocrx_word' id='word_1_248' title='bbox 1272 3976 1376 4027; x_wconf 88' lang='lat' dir='ltr'><strong>hoc</strong></span> <span class='ocrx_word' id='word_1_249' title='bbox 1399 3988 1509 4040; x_wconf 86' lang='lat' dir='ltr'><strong>est,</strong></span> 
     </span>
     <span class='ocr_line' id='line_1_47' title="bbox 499 4054 1511 4127; baseline 0.003 -23"><span class='ocrx_word' id='word_1_250' title='bbox 499 4054 743 4122; x_wconf 82' lang='lat' dir='ltr'><strong>capillare</strong></span> <span class='ocrx_word' id='word_1_251' title='bbox 766 4056 1077 4125; x_wconf 80' lang='lat' dir='ltr'><strong>appellatur,</strong></span> <span class='ocrx_word' id='word_1_252' title='bbox 1109 4068 1161 4109; x_wconf 87' lang='lat' dir='ltr'><strong>et</strong></span> <span class='ocrx_word' id='word_1_253' title='bbox 1192 4057 1247 4109; x_wconf 88' lang='lat' dir='ltr'><strong>in</strong></span> <span class='ocrx_word' id='word_1_254' title='bbox 1278 4059 1511 4127; x_wconf 80' lang='lat' dir='ltr'><strong>AEgypto</strong></span> 
     </span>
    </p>
   </div>
   <div class='ocr_carea' id='block_1_11' title="bbox 1590 1688 2612 1995">
    <p class='ocr_par' dir='ltr' id='par_1_14' title="bbox 1593 1688 2612 1759">
     <span class='ocr_line' id='line_1_48' title="bbox 1593 1688 2612 1759; baseline 0 -18"><span class='ocrx_word' id='word_1_255' title='bbox 1593 1690 1860 1759; x_wconf 82' lang='lat' dir='ltr'><strong>provenit.</strong></span> <span class='ocrx_word' id='word_1_256' title='bbox 1887 1713 1910 1735; x_wconf 72' lang='grc' dir='ltr'>ι</span> <span class='ocrx_word' id='word_1_257' title='bbox 1943 1689 2014 1741; x_wconf 80' lang='lat' dir='ltr'><strong>Et</strong></span> <span class='ocrx_word' id='word_1_258' title='bbox 2039 1688 2236 1741; x_wconf 82' lang='lat' dir='ltr'><strong>scissile</strong></span> <span class='ocrx_word' id='word_1_259' title='bbox 2263 1690 2472 1742; x_wconf 79' lang='lat' dir='ltr'><strong>alumen</strong></span> <span class='ocrx_word' id='word_1_260' title='bbox 2491 1688 2612 1743; x_wconf 89' lang='lat' dir='ltr'><strong>Cel-</strong></span> 
     </span>
    </p>

    <p class='ocr_par' dir='ltr' id='par_1_15' title="bbox 1592 1768 2608 1916">
     <span class='ocr_line' id='line_1_49' title="bbox 1592 1768 2527 1839; baseline 0 -20"><span class='ocrx_word' id='word_1_261' title='bbox 1592 1786 1682 1820; x_wconf 88' lang='lat' dir='ltr'><strong>sus</strong></span> <span class='ocrx_word' id='word_1_262' title='bbox 1709 1768 1976 1838; x_wconf 84' lang='lat' dir='ltr'><strong>appellat,</strong></span> <span class='ocrx_word' id='word_1_263' title='bbox 2016 1768 2111 1819; x_wconf 84' lang='lat' dir='ltr'><strong>lib.</strong></span> <span class='ocrx_word' id='word_1_264' title='bbox 2127 1768 2198 1833; x_wconf 84' lang='lat' dir='ltr'><strong>V,</strong></span> <span class='ocrx_word' id='word_1_265' title='bbox 2232 1786 2347 1839; x_wconf 86' lang='lat' dir='ltr'><strong>cap.</strong></span> <span class='ocrx_word' id='word_1_266' title='bbox 2377 1789 2425 1821; x_wconf 70' lang='grc' dir='ltr'><strong>ει.</strong></span> <span class='ocrx_word' id='word_1_267' title='bbox 2460 1770 2527 1819; x_wconf 84' lang='grc' dir='ltr'><strong>Η.</strong></span> 
     </span>
     <span class='ocr_line' id='line_1_50' title="bbox 1679 1846 2608 1916; baseline -0.002 -17"><span class='ocrx_word' id='word_1_268' title='bbox 1679 1866 1769 1916; x_wconf 87' lang='lat'><strong>¹9·</strong></span> <span class='ocrx_word' id='word_1_269' title='bbox 1817 1846 1972 1899; x_wconf 83' lang='lat' dir='ltr'><strong>Unum</strong></span> <span class='ocrx_word' id='word_1_270' title='bbox 2006 1865 2158 1915; x_wconf 73' lang='lat' dir='ltr'><strong>genus</strong></span> <span class='ocrx_word' id='word_1_271' title='bbox 2188 1848 2410 1898; x_wconf 74' lang='lat' dir='ltr'><strong>schiston.</strong></span> <span class='ocrx_word' id='word_1_272' title='bbox 2451 1847 2608 1899; x_wconf 84' lang='lat' dir='ltr'><strong>Cons.</strong></span> 
     </span>
    </p>

    <p class='ocr_par' dir='ltr' id='par_1_16' title="bbox 1590 1924 2611 1995">
     <span class='ocr_line' id='line_1_51' title="bbox 1590 1924 2611 1995; baseline 0 -19"><span class='ocrx_word' id='word_1_273' title='bbox 1590 1924 1706 1995; x_wconf 82' lang='lat' dir='ltr'><strong>huj.</strong></span> <span class='ocrx_word' id='word_1_274' title='bbox 1725 1944 1838 1995; x_wconf 85' lang='lat' dir='ltr'><strong>cap.</strong></span> <span class='ocrx_word' id='word_1_275' title='bbox 1853 1938 1962 1977; x_wconf 89' lang='lat' dir='ltr'><strong>not.</strong></span> <span class='ocrx_word' id='word_1_276' title='bbox 1977 1924 2005 1975; x_wconf 87' lang='grc' dir='ltr'>Ι</span> <span class='ocrx_word' id='word_1_277' title='bbox 2019 1947 2033 1988; x_wconf 86' lang='grc'><strong>;</strong></span> <span class='ocrx_word' id='word_1_278' title='bbox 2053 1938 2105 1977; x_wconf 88' lang='lat' dir='ltr'><strong>et</strong></span> <span class='ocrx_word' id='word_1_279' title='bbox 2123 1926 2200 1978; x_wconf 94' lang='lat' dir='ltr'><strong>Cl.</strong></span> <span class='ocrx_word' id='word_1_280' title='bbox 2213 1926 2611 1990; x_wconf 67' lang='grc' dir='ltr'><strong>Τουιιιικινοιιτ,</strong></span> 
     </span>
    </p>
   </div>
   <div class='ocr_carea' id='block_1_12' title="bbox 1555 2004 2612 2075">
    <p class='ocr_par' dir='ltr' id='par_1_17' title="bbox 1555 2004 2612 2075">
     <span class='ocr_line' id='line_1_52' title="bbox 1555 2004 2612 2075; baseline 0.005 -22"><span class='ocrx_word' id='word_1_281' title='bbox 1555 2016 1569 2029; x_wconf 83' lang='lat'><em>‘</em></span> <span class='ocrx_word' id='word_1_282' title='bbox 1595 2004 1796 2075; x_wconf 79' lang='lat' dir='ltr'><strong>Voyage</strong></span> <span class='ocrx_word' id='word_1_283' title='bbox 1815 2004 1880 2055; x_wconf 84' lang='lat' dir='ltr'><strong>du</strong></span> <span class='ocrx_word' id='word_1_284' title='bbox 1901 2004 2111 2067; x_wconf 73' lang='lat' dir='ltr'><strong>Levant,</strong></span> <span class='ocrx_word' id='word_1_285' title='bbox 2131 2016 2260 2055; x_wconf 85' lang='lat' dir='ltr'><strong>tom.</strong></span> <span class='ocrx_word' id='word_1_286' title='bbox 2285 2006 2332 2067; x_wconf 90' lang='lat'><strong>1,</strong></span> <span class='ocrx_word' id='word_1_287' title='bbox 2357 2023 2474 2074; x_wconf 80' lang='lat' dir='ltr'><strong>pag.</strong></span> <span class='ocrx_word' id='word_1_288' title='bbox 2505 2008 2612 2075; x_wconf 85' lang='lat'><strong>187</strong></span> 
     </span>
    </p>
   </div>
   <div class='ocr_carea' id='block_1_13' title="bbox 1589 2080 2624 4126">
    <p class='ocr_par' dir='ltr' id='par_1_18' title="bbox 1591 2080 2472 2153">
     <span class='ocr_line' id='line_1_53' title="bbox 1591 2080 2472 2153; baseline -0.001 -18"><span class='ocrx_word' id='word_1_289' title='bbox 1591 2101 1705 2153; x_wconf 88' lang='lat' dir='ltr'><strong>sqq.</strong></span> <span class='ocrx_word' id='word_1_290' title='bbox 1730 2080 1922 2145; x_wconf 84' lang='lat' dir='ltr'><strong>Nobis,</strong></span> <span class='ocrx_word' id='word_1_291' title='bbox 1946 2082 2062 2133; x_wconf 82' lang='lat' dir='ltr'><strong>alem</strong></span> <span class='ocrx_word' id='word_1_292' title='bbox 2084 2082 2145 2133; x_wconf 84' lang='lat' dir='ltr'><strong>de</strong></span> <span class='ocrx_word' id='word_1_293' title='bbox 2163 2083 2341 2151; x_wconf 80' lang='lat' dir='ltr'><strong>plume.</strong></span> <span class='ocrx_word' id='word_1_294' title='bbox 2369 2082 2472 2134; x_wconf 84' lang='lat' dir='ltr'><strong>Ei).</strong></span> 
     </span>
    </p>

    <p class='ocr_par' dir='ltr' id='par_1_19' title="bbox 1590 2159 2616 3095">
     <span class='ocr_line' id='line_1_54' title="bbox 1677 2159 2614 2233; baseline -0.001 -20"><span class='ocrx_word' id='word_1_295' title='bbox 1677 2180 1763 2214; x_wconf 81' lang='lat'><strong>20.</strong></span> <span class='ocrx_word' id='word_1_296' title='bbox 1802 2162 1915 2213; x_wconf 83' lang='lat' dir='ltr'><strong>Hoc</strong></span> <span class='ocrx_word' id='word_1_297' title='bbox 1935 2159 2008 2230; x_wconf 86' lang='lat' dir='ltr'><strong>fit</strong></span> <span class='ocrx_word' id='word_1_298' title='bbox 2048 2182 2074 2211; x_wconf 84' lang='lat' dir='ltr'><strong>e</strong></span> <span class='ocrx_word' id='word_1_299' title='bbox 2115 2162 2300 2229; x_wconf 77' lang='lat' dir='ltr'><strong>lapide,</strong></span> <span class='ocrx_word' id='word_1_300' title='bbox 2331 2182 2392 2212; x_wconf 70' lang='lat' dir='ltr'><strong>ex</strong></span> <span class='ocrx_word' id='word_1_301' title='bbox 2438 2181 2533 2233; x_wconf 84' lang='lat' dir='ltr'><strong>quo</strong></span> <span class='ocrx_word' id='word_1_302' title='bbox 2562 2175 2614 2213; x_wconf 77' lang='lat' dir='ltr'><strong>et</strong></span> 
     </span>
     <span class='ocr_line' id='line_1_55' title="bbox 1593 2238 2612 2311; baseline 0.004 -21"><span class='ocrx_word' id='word_1_303' title='bbox 1593 2240 1838 2291; x_wconf 62' lang='lat' dir='ltr'><strong>chalcitim.</strong></span> <span class='ocrx_word' id='word_1_304' title='bbox 1865 2240 2069 2309; x_wconf 86' lang='lat' dir='ltr'><strong>Nempe</strong></span> <span class='ocrx_word' id='word_1_305' title='bbox 2086 2258 2147 2293; x_wconf 84' lang='lat' dir='ltr'><strong>ex</strong></span> <span class='ocrx_word' id='word_1_306' title='bbox 2165 2258 2228 2292; x_wconf 89' lang='lat' dir='ltr'><strong>eo</strong></span> <span class='ocrx_word' id='word_1_307' title='bbox 2251 2238 2426 2309; x_wconf 87' lang='lat' dir='ltr'><strong>lapide</strong></span> <span class='ocrx_word' id='word_1_308' title='bbox 2448 2258 2612 2311; x_wconf 83' lang='lat' dir='ltr'><strong>quem</strong></span> 
     </span>
     <span class='ocr_line' id='line_1_56' title="bbox 1593 2319 2616 2390; baseline 0 -18"><span class='ocrx_word' id='word_1_309' title='bbox 1593 2319 1848 2373; x_wconf 80' lang='lat' dir='ltr'><strong>chalciten</strong></span> <span class='ocrx_word' id='word_1_310' title='bbox 1884 2330 2076 2371; x_wconf 79' lang='lat' dir='ltr'><strong>vocant</strong></span> <span class='ocrx_word' id='word_1_311' title='bbox 2111 2320 2168 2371; x_wconf 86' lang='lat' dir='ltr'><strong>in</strong></span> <span class='ocrx_word' id='word_1_312' title='bbox 2194 2320 2380 2390; x_wconf 79' lang='lat' dir='ltr'><strong>Cypro</strong></span> <span class='ocrx_word' id='word_1_313' title='bbox 2399 2358 2415 2385; x_wconf 85' lang='lat'>,</span> <span class='ocrx_word' id='word_1_314' title='bbox 2441 2332 2503 2371; x_wconf 85' lang='lat' dir='ltr'><strong>ut</strong></span> <span class='ocrx_word' id='word_1_315' title='bbox 2534 2319 2616 2373; x_wconf 86' lang='lat' dir='ltr'><strong>di-</strong></span> 
     </span>
     <span class='ocr_line' id='line_1_57' title="bbox 1594 2396 2613 2463; baseline 0 -12"><span class='ocrx_word' id='word_1_316' title='bbox 1594 2411 1737 2451; x_wconf 86' lang='lat' dir='ltr'><strong>ctum</strong></span> <span class='ocrx_word' id='word_1_317' title='bbox 1760 2410 1838 2450; x_wconf 88' lang='lat' dir='ltr'><strong>est</strong></span> <span class='ocrx_word' id='word_1_318' title='bbox 1857 2398 2116 2463; x_wconf 85' lang='lat' dir='ltr'>XXXIV,</span> <span class='ocrx_word' id='word_1_319' title='bbox 2137 2416 2166 2449; x_wconf 74' lang='lat' dir='ltr'><strong>u</strong></span> <span class='ocrx_word' id='word_1_320' title='bbox 2187 2432 2202 2459; x_wconf 88' lang='lat'>,</span> <span class='ocrx_word' id='word_1_321' title='bbox 2227 2397 2371 2450; x_wconf 86' lang='lat' dir='ltr'><strong>unde</strong></span> <span class='ocrx_word' id='word_1_322' title='bbox 2397 2411 2449 2450; x_wconf 84' lang='lat' dir='ltr'><strong>et</strong></span> <span class='ocrx_word' id='word_1_323' title='bbox 2468 2396 2613 2451; x_wconf 87' lang='lat' dir='ltr'><strong>idem</strong></span> 
     </span>
     <span class='ocr_line' id='line_1_58' title="bbox 1593 2476 2614 2531; baseline -0.001 0"><span class='ocrx_word' id='word_1_324' title='bbox 1593 2477 1814 2531; x_wconf 88' lang='lat' dir='ltr'><strong>alumini</strong></span> <span class='ocrx_word' id='word_1_325' title='bbox 1841 2496 2036 2529; x_wconf 87' lang='lat' dir='ltr'><strong>nomen</strong></span> <span class='ocrx_word' id='word_1_326' title='bbox 2059 2476 2231 2530; x_wconf 78' lang='lat' dir='ltr'><strong>haesit.</strong></span> <span class='ocrx_word' id='word_1_327' title='bbox 2254 2476 2532 2531; x_wconf 82' lang='lat' dir='ltr'><strong>Salmasius</strong></span> <span class='ocrx_word' id='word_1_328' title='bbox 2555 2478 2614 2530; x_wconf 84' lang='lat' dir='ltr'><strong>in</strong></span> 
     </span>
     <span class='ocr_line' id='line_1_59' title="bbox 1596 2556 2606 2628; baseline -0.002 -19"><span class='ocrx_word' id='word_1_329' title='bbox 1596 2558 1760 2609; x_wconf 92' lang='lat' dir='ltr'><strong>Solin.</strong></span> <span class='ocrx_word' id='word_1_330' title='bbox 1789 2575 1908 2628; x_wconf 86' lang='lat' dir='ltr'><strong>pag.</strong></span> <span class='ocrx_word' id='word_1_331' title='bbox 1934 2574 1952 2608; x_wconf 76' lang='grc' dir='ltr'><strong>ι</strong></span> <span class='ocrx_word' id='word_1_332' title='bbox 1972 2560 2108 2622; x_wconf 87' lang='lat'><strong>166,</strong></span> <span class='ocrx_word' id='word_1_333' title='bbox 2143 2568 2325 2610; x_wconf 85' lang='lat' dir='ltr'><strong>contra</strong></span> <span class='ocrx_word' id='word_1_334' title='bbox 2363 2556 2606 2608; x_wconf 86' lang='lat' dir='ltr'><strong>omnium</strong></span> 
     </span>
     <span class='ocr_line' id='line_1_60' title="bbox 1591 2634 2610 2704; baseline 0 -16"><span class='ocrx_word' id='word_1_335' title='bbox 1591 2634 1844 2688; x_wconf 88' lang='lat' dir='ltr'><strong>codicum</strong></span> <span class='ocrx_word' id='word_1_336' title='bbox 1883 2634 2074 2697; x_wconf 77' lang='lat' dir='ltr'><strong>iidem,</strong></span> <span class='ocrx_word' id='word_1_337' title='bbox 2125 2647 2304 2687; x_wconf 83' lang='lat' dir='ltr'><strong>contra</strong></span> <span class='ocrx_word' id='word_1_338' title='bbox 2329 2635 2610 2704; x_wconf 85' lang='lat' dir='ltr'><strong>scriptoris</strong></span> 
     </span>
     <span class='ocr_line' id='line_1_61' title="bbox 1593 2712 2612 2785; baseline -0.001 -19"><span class='ocrx_word' id='word_1_339' title='bbox 1593 2728 1852 2779; x_wconf 80' lang='lat' dir='ltr'><strong>mentem,</strong></span> <span class='ocrx_word' id='word_1_340' title='bbox 1879 2714 1993 2767; x_wconf 86' lang='lat' dir='ltr'><strong>sola</strong></span> <span class='ocrx_word' id='word_1_341' title='bbox 2021 2714 2213 2785; x_wconf 81' lang='lat' dir='ltr'><strong>ingenii</strong></span> <span class='ocrx_word' id='word_1_342' title='bbox 2252 2712 2438 2767; x_wconf 86' lang='lat' dir='ltr'><strong>ductus</strong></span> <span class='ocrx_word' id='word_1_343' title='bbox 2478 2732 2612 2765; x_wconf 87' lang='lat' dir='ltr'><strong>con-</strong></span> 
     </span>
     <span class='ocr_line' id='line_1_62' title="bbox 1590 2791 2613 2865; baseline -0.002 -18"><span class='ocrx_word' id='word_1_344' title='bbox 1590 2794 1825 2865; x_wconf 81' lang='lat' dir='ltr'><strong>jectura,</strong></span> <span class='ocrx_word' id='word_1_345' title='bbox 1855 2792 1946 2845; x_wconf 84' lang='lat' dir='ltr'><strong>sed</strong></span> <span class='ocrx_word' id='word_1_346' title='bbox 1977 2812 2120 2846; x_wconf 85' lang='lat' dir='ltr'><strong>nunc</strong></span> <span class='ocrx_word' id='word_1_347' title='bbox 2153 2792 2378 2845; x_wconf 85' lang='lat' dir='ltr'><strong>maxime</strong></span> <span class='ocrx_word' id='word_1_348' title='bbox 2410 2791 2613 2859; x_wconf 80' lang='lat' dir='ltr'><strong>fallaci,</strong></span> 
     </span>
     <span class='ocr_line' id='line_1_63' title="bbox 1595 2868 2612 2942; baseline 0.001 -19"><span class='ocrx_word' id='word_1_349' title='bbox 1595 2873 1699 2942; x_wconf 86' lang='lat' dir='ltr'><strong>legi</strong></span> <span class='ocrx_word' id='word_1_350' title='bbox 1724 2872 1800 2925; x_wconf 88' lang='lat' dir='ltr'><strong>sic</strong></span> <span class='ocrx_word' id='word_1_351' title='bbox 1825 2872 2008 2925; x_wconf 84' lang='lat' dir='ltr'><strong>suadet</strong></span> <span class='ocrx_word' id='word_1_352' title='bbox 2037 2894 2049 2924; x_wconf 90' lang='lat'>:</span> <span class='ocrx_word' id='word_1_353' title='bbox 2083 2896 2105 2915; x_wconf 76' lang='grc' dir='ltr'>ι</span> <span class='ocrx_word' id='word_1_354' title='bbox 2142 2874 2258 2925; x_wconf 87' lang='lat' dir='ltr'><strong>Hoc</strong></span> <span class='ocrx_word' id='word_1_355' title='bbox 2289 2872 2349 2924; x_wconf 85' lang='lat' dir='ltr'><strong>fit</strong></span> <span class='ocrx_word' id='word_1_356' title='bbox 2375 2890 2405 2924; x_wconf 92' lang='lat' dir='ltr'><strong>e</strong></span> <span class='ocrx_word' id='word_1_357' title='bbox 2435 2868 2612 2941; x_wconf 83' lang='lat' dir='ltr'><strong>lapide</strong></span> 
     </span>
     <span class='ocr_line' id='line_1_64' title="bbox 1594 2950 2612 3022; baseline 0.002 -21"><span class='ocrx_word' id='word_1_358' title='bbox 1594 2950 1838 3022; x_wconf 85' lang='lat' dir='ltr'><strong>gleboso,</strong></span> <span class='ocrx_word' id='word_1_359' title='bbox 1869 2951 2059 3003; x_wconf 88' lang='lat' dir='ltr'><strong>bolitin</strong></span> <span class='ocrx_word' id='word_1_360' title='bbox 2090 2962 2309 3015; x_wconf 80' lang='lat' dir='ltr'><strong>vocant,</strong></span> <span class='ocrx_word' id='word_1_361' title='bbox 2342 2962 2403 3003; x_wconf 87' lang='lat' dir='ltr'><strong>ut</strong></span> <span class='ocrx_word' id='word_1_362' title='bbox 2427 2950 2493 3003; x_wconf 86' lang='lat' dir='ltr'><strong>sit</strong></span> <span class='ocrx_word' id='word_1_363' title='bbox 2523 2968 2612 3003; x_wconf 82' lang='lat' dir='ltr'><strong>su-</strong></span> 
     </span>
     <span class='ocr_line' id='line_1_65' title="bbox 1596 3028 2097 3095; baseline -0.002 -13"><span class='ocrx_word' id='word_1_364' title='bbox 1596 3028 1719 3095; x_wconf 84' lang='lat' dir='ltr'><strong>dor,</strong></span> <span class='ocrx_word' id='word_1_365' title='bbox 1741 3043 1840 3082; x_wconf 86' lang='lat' dir='ltr'><strong>etc.</strong></span> <span class='ocrx_word' id='word_1_366' title='bbox 1869 3056 1891 3077; x_wconf 77' lang='lat'><strong>1·</strong></span> <span class='ocrx_word' id='word_1_367' title='bbox 1919 3030 2097 3083; x_wconf 65' lang='lat' dir='ltr'><strong>Hui).</strong></span> 
     </span>
    </p>

    <p class='ocr_par' dir='ltr' id='par_1_20' title="bbox 1589 3109 2614 3494">
     <span class='ocr_line' id='line_1_66' title="bbox 1683 3109 2610 3161; baseline -0.005 0"><span class='ocrx_word' id='word_1_368' title='bbox 1683 3126 1772 3161; x_wconf 76' lang='lat'><strong>21.</strong></span> <span class='ocrx_word' id='word_1_369' title='bbox 1802 3109 1968 3160; x_wconf 73' lang='lat' dir='ltr'><strong>Minus</strong></span> <span class='ocrx_word' id='word_1_370' title='bbox 1995 3114 2124 3161; x_wconf 77' lang='lat' dir='ltr'><strong>sistit</strong></span> <span class='ocrx_word' id='word_1_371' title='bbox 2155 3110 2281 3161; x_wconf 74' lang='lat' dir='ltr'><strong>hum.</strong></span> <span class='ocrx_word' id='word_1_372' title='bbox 2319 3109 2475 3160; x_wconf 75' lang='lat' dir='ltr'><strong>t‘nute&#39;l.</strong></span> <span class='ocrx_word' id='word_1_373' title='bbox 2506 3128 2610 3159; x_wconf 74' lang='lat' dir='ltr'><strong>coe·-</strong></span> 
     </span>
     <span class='ocr_line' id='line_1_67' title="bbox 1589 3186 2611 3257; baseline 0 -18"><span class='ocrx_word' id='word_1_374' title='bbox 1589 3186 1806 3257; x_wconf 71' lang='lat' dir='ltr'><strong>poribus.</strong></span> <span class='ocrx_word' id='word_1_375' title='bbox 1845 3188 2011 3239; x_wconf 88' lang='lat' dir='ltr'><strong>Gron.</strong></span> <span class='ocrx_word' id='word_1_376' title='bbox 2061 3200 2113 3239; x_wconf 89' lang='lat' dir='ltr'><strong>et</strong></span> <span class='ocrx_word' id='word_1_377' title='bbox 2157 3188 2244 3241; x_wconf 78' lang='lat' dir='ltr'><strong>Al.</strong></span> <span class='ocrx_word' id='word_1_378' title='bbox 2289 3200 2408 3241; x_wconf 83' lang='lat' dir='ltr'><strong>ante</strong></span> <span class='ocrx_word' id='word_1_379' title='bbox 2449 3186 2611 3240; x_wconf 78' lang='lat' dir='ltr'><strong>Hard.</strong></span> 
     </span>
     <span class='ocr_line' id='line_1_68' title="bbox 1596 3267 2613 3337; baseline 0.002 -22"><span class='ocrx_word' id='word_1_380' title='bbox 1596 3269 1744 3317; x_wconf 76' lang='lat' dir='ltr'><strong>siccat</strong></span> <span class='ocrx_word' id='word_1_381' title='bbox 1771 3268 2012 3337; x_wconf 74' lang='lat' dir='ltr'><strong>minusque</strong></span> <span class='ocrx_word' id='word_1_382' title='bbox 2049 3268 2204 3331; x_wconf 70' lang='lat' dir='ltr'><strong>sistit,</strong></span> <span class='ocrx_word' id='word_1_383' title='bbox 2239 3278 2341 3320; x_wconf 87' lang='lat' dir='ltr'><strong>etc.</strong></span> <span class='ocrx_word' id='word_1_384' title='bbox 2375 3267 2517 3318; x_wconf 78' lang='lat' dir='ltr'><strong>Brot.</strong></span> <span class='ocrx_word' id='word_1_385' title='bbox 2547 3284 2613 3317; x_wconf 77' lang='lat' dir='ltr'><strong>ex</strong></span> 
     </span>
     <span class='ocr_line' id='line_1_69' title="bbox 1597 3343 2614 3416; baseline 0 -20"><span class='ocrx_word' id='word_1_386' title='bbox 1597 3344 1748 3397; x_wconf 90' lang='lat' dir='ltr'><strong>MSS.</strong></span> <span class='ocrx_word' id='word_1_387' title='bbox 1777 3346 1940 3414; x_wconf 78' lang='lat' dir='ltr'><strong>Regg.</strong></span> <span class='ocrx_word' id='word_1_388' title='bbox 1970 3357 2022 3396; x_wconf 92' lang='lat' dir='ltr'><strong>et</strong></span> <span class='ocrx_word' id='word_1_389' title='bbox 2047 3343 2172 3397; x_wconf 81' lang='lat' dir='ltr'><strong>edit.</strong></span> <span class='ocrx_word' id='word_1_390' title='bbox 2201 3345 2373 3416; x_wconf 90' lang='lat' dir='ltr'><strong>princ.</strong></span> <span class='ocrx_word' id='word_1_391' title='bbox 2403 3344 2614 3396; x_wconf 76' lang='lat' dir='ltr'><strong>inutilem</strong></span> 
     </span>
     <span class='ocr_line' id='line_1_70' title="bbox 1599 3424 1950 3494; baseline -0.011 -19"><span class='ocrx_word' id='word_1_392' title='bbox 1599 3428 1823 3494; x_wconf 81' lang='lat' dir='ltr'><strong>corporis.</strong></span> <span class='ocrx_word' id='word_1_393' title='bbox 1847 3424 1950 3475; x_wconf 80' lang='lat' dir='ltr'><strong>Eu.</strong></span> 
     </span>
    </p>

    <p class='ocr_par' dir='ltr' id='par_1_21' title="bbox 1598 3500 2624 4126">
     <span class='ocr_line' id='line_1_71' title="bbox 1685 3500 2618 3574; baseline -0.003 -18"><span class='ocrx_word' id='word_1_394' title='bbox 1685 3522 1712 3555; x_wconf 80' lang='lat'>2</span> <span class='ocrx_word' id='word_1_395' title='bbox 1724 3522 1751 3555; x_wconf 78' lang='lat'><em>2</em></span> <span class='ocrx_word' id='word_1_396' title='bbox 1762 3543 1775 3555; x_wconf 92' lang='lat'><strong>.</strong></span> <span class='ocrx_word' id='word_1_397' title='bbox 1794 3500 1895 3555; x_wconf 79' lang='lat' dir='ltr'><strong>Sed</strong></span> <span class='ocrx_word' id='word_1_398' title='bbox 1905 3502 2098 3555; x_wconf 78' lang='lat' dir='ltr'><strong>aur-ihus</strong></span> <span class='ocrx_word' id='word_1_399' title='bbox 2116 3522 2397 3574; x_wconf 79' lang='lat' dir='ltr'><strong>magnopere</strong></span> <span class='ocrx_word' id='word_1_400' title='bbox 2401 3502 2618 3573; x_wconf 76' lang='lat' dir='ltr'><strong>prodest.</strong></span> 
     </span>
     <span class='ocr_line' id='line_1_72' title="bbox 1599 3580 2616 3651; baseline 0 -17"><span class='ocrx_word' id='word_1_401' title='bbox 1599 3584 1764 3637; x_wconf 80' lang='lat' dir='ltr'><strong>Marc.</strong></span> <span class='ocrx_word' id='word_1_402' title='bbox 1817 3582 2018 3651; x_wconf 86' lang='lat' dir='ltr'><strong>Empir.</strong></span> <span class='ocrx_word' id='word_1_403' title='bbox 2073 3582 2166 3634; x_wconf 88' lang='lat' dir='ltr'><strong>lib.</strong></span> <span class='ocrx_word' id='word_1_404' title='bbox 2217 3582 2283 3634; x_wconf 89' lang='lat' dir='ltr'><strong>de</strong></span> <span class='ocrx_word' id='word_1_405' title='bbox 2333 3580 2616 3635; x_wconf 82' lang='lat' dir='ltr'><strong>Medicam.</strong></span> 
     </span>
     <span class='ocr_line' id='line_1_73' title="bbox 1600 3662 2620 3733; baseline 0 -20"><span class='ocrx_word' id='word_1_406' title='bbox 1600 3680 1712 3732; x_wconf 81' lang='lat' dir='ltr'><strong>cap.</strong></span> <span class='ocrx_word' id='word_1_407' title='bbox 1744 3679 1834 3726; x_wconf 77' lang='lat' dir='ltr'><strong>ix,</strong></span> <span class='ocrx_word' id='word_1_408' title='bbox 1859 3679 1977 3731; x_wconf 86' lang='lat' dir='ltr'><strong>pag.</strong></span> <span class='ocrx_word' id='word_1_409' title='bbox 2015 3662 2086 3733; x_wconf 83' lang='lat'><strong>75</strong></span> <span class='ocrx_word' id='word_1_410' title='bbox 2121 3679 2135 3713; x_wconf 77' lang='lat' dir='ltr'><strong>t</strong></span> <span class='ocrx_word' id='word_1_411' title='bbox 2169 3688 2192 3707; x_wconf 72' lang='grc' dir='ltr'>ι</span> <span class='ocrx_word' id='word_1_412' title='bbox 2235 3662 2460 3713; x_wconf 82' lang='lat' dir='ltr'><strong>Alumen</strong></span> <span class='ocrx_word' id='word_1_413' title='bbox 2494 3678 2620 3713; x_wconf 86' lang='lat' dir='ltr'><strong>cum</strong></span> 
     </span>
     <span class='ocr_line' id='line_1_74' title="bbox 1601 3740 2624 3806; baseline 0.002 -15"><span class='ocrx_word' id='word_1_414' title='bbox 1601 3754 1744 3793; x_wconf 79' lang='lat' dir='ltr'><strong>aceto</strong></span> <span class='ocrx_word' id='word_1_415' title='bbox 1772 3754 1935 3806; x_wconf 83' lang='lat' dir='ltr'><strong>teres,</strong></span> <span class='ocrx_word' id='word_1_416' title='bbox 1961 3748 2014 3793; x_wconf 88' lang='lat' dir='ltr'><strong>et&#39;</strong></span> <span class='ocrx_word' id='word_1_417' title='bbox 2042 3740 2198 3793; x_wconf 89' lang='lat' dir='ltr'><strong>simul</strong></span> <span class='ocrx_word' id='word_1_418' title='bbox 2226 3742 2402 3793; x_wconf 87' lang='lat' dir='ltr'><strong>omnia</strong></span> <span class='ocrx_word' id='word_1_419' title='bbox 2431 3759 2624 3793; x_wconf 89' lang='lat' dir='ltr'><strong>conco-</strong></span> 
     </span>
     <span class='ocr_line' id='line_1_75' title="bbox 1598 3818 2622 3890; baseline 0 -19"><span class='ocrx_word' id='word_1_420' title='bbox 1598 3838 1724 3890; x_wconf 86' lang='lat' dir='ltr'><strong>ques</strong></span> <span class='ocrx_word' id='word_1_421' title='bbox 1764 3818 1828 3872; x_wconf 87' lang='lat' dir='ltr'><strong>ad</strong></span> <span class='ocrx_word' id='word_1_422' title='bbox 1865 3822 2040 3873; x_wconf 85' lang='lat' dir='ltr'><strong>tertias</strong></span> <span class='ocrx_word' id='word_1_423' title='bbox 2079 3838 2092 3871; x_wconf 74' lang='grc' dir='ltr'><strong><em>ε</em></strong></span> <span class='ocrx_word' id='word_1_424' title='bbox 2141 3818 2242 3870; x_wconf 84' lang='lat' dir='ltr'><strong>hoc</strong></span> <span class='ocrx_word' id='word_1_425' title='bbox 2288 3818 2622 3872; x_wconf 82' lang='lat' dir='ltr'><strong>medicamen</strong></span> 
     </span>
     <span class='ocr_line' id='line_1_76' title="bbox 1599 3896 2624 3969; baseline 0 -18"><span class='ocrx_word' id='word_1_426' title='bbox 1599 3898 1834 3969; x_wconf 85' lang='lat' dir='ltr'><strong>tepidum</strong></span> <span class='ocrx_word' id='word_1_427' title='bbox 1889 3896 2136 3951; x_wconf 81' lang='lat' dir='ltr'><strong>auriculae</strong></span> <span class='ocrx_word' id='word_1_428' title='bbox 2188 3896 2421 3948; x_wconf 78' lang='lat' dir='ltr'><strong>infusum</strong></span> <span class='ocrx_word' id='word_1_429' title='bbox 2441 3930 2457 3957; x_wconf 88' lang='lat'>,</span> <span class='ocrx_word' id='word_1_430' title='bbox 2519 3918 2624 3967; x_wconf 84' lang='lat' dir='ltr'><strong>pus</strong></span> 
     </span>
     <span class='ocr_line' id='line_1_77' title="bbox 1600 3979 2622 4049; baseline -0.002 -20"><span class='ocrx_word' id='word_1_431' title='bbox 1600 3979 1800 4048; x_wconf 83' lang='lat' dir='ltr'><strong>optime</strong></span> <span class='ocrx_word' id='word_1_432' title='bbox 1858 3991 2048 4049; x_wconf 83' lang='lat' dir='ltr'><strong>purgat</strong></span> <span class='ocrx_word' id='word_1_433' title='bbox 2079 4016 2093 4041; x_wconf 92' lang='lat'>‚</span> <span class='ocrx_word' id='word_1_434' title='bbox 2145 3994 2348 4028; x_wconf 82' lang='lat' dir='ltr'><strong>vermes</strong></span> <span class='ocrx_word' id='word_1_435' title='bbox 2403 3991 2561 4031; x_wconf 87' lang='lat' dir='ltr'><strong>necat</strong></span> <span class='ocrx_word' id='word_1_436' title='bbox 2609 4000 2622 4027; x_wconf 73' lang='grc' dir='ltr'><strong>ι</strong></span> 
     </span>
     <span class='ocr_line' id='line_1_78' title="bbox 1599 4053 2618 4126; baseline -0.002 -18"><span class='ocrx_word' id='word_1_437' title='bbox 1599 4074 1788 4126; x_wconf 79' lang='lat' dir='ltr'><strong>squam</strong></span> <span class='ocrx_word' id='word_1_438' title='bbox 1810 4056 1964 4110; x_wconf 79' lang='lat' dir='ltr'><strong>etiam</strong></span> <span class='ocrx_word' id='word_1_439' title='bbox 1983 4096 1998 4122; x_wconf 90' lang='lat'><strong>,</strong></span> <span class='ocrx_word' id='word_1_440' title='bbox 2013 4057 2059 4109; x_wconf 86' lang='lat' dir='ltr'><strong>si</strong></span> <span class='ocrx_word' id='word_1_441' title='bbox 2073 4056 2339 4110; x_wconf 81' lang='lat' dir='ltr'><strong>intraverit</strong></span> <span class='ocrx_word' id='word_1_442' title='bbox 2351 4096 2365 4119; x_wconf 91' lang='lat'><em>,</em></span> <span class='ocrx_word' id='word_1_443' title='bbox 2381 4053 2580 4109; x_wconf 84' lang='lat' dir='ltr'><strong>educit.</strong></span> <span class='ocrx_word' id='word_1_444' title='bbox 2595 4084 2618 4104; x_wconf 72' lang='grc' dir='ltr'><strong>ι</strong></span> 
     </span>
    </p>
   </div>
   <div class='ocr_carea' id='block_1_14' title="bbox 2955 1584 2959 2111">
    <p class='ocr_par' dir='ltr' id='par_1_22' title="bbox 2955 1584 2959 2111">
     <span class='ocr_line' id='line_1_79' title="bbox 2955 1584 2959 2111; baseline 0 0"><span class='ocrx_word' id='word_1_445' title='bbox 2955 1584 2959 2111; x_wconf 95' lang='lat' dir='ltr'><strong> </strong></span> 
     </span>
    </p>
   </div>
  </div>
 </body>
</html>
