2975 4684
1064 405 1365 474 LIBER
1414 404 1775 472 xxxlv.
2352 429 2472 500 ¹97

466 533 936 604 Xenocrates⁷⁰
960 537 1292 606 Tisicratis
1320 534 1678 629 discipulus
1708 560 1723 602 :
1754 549 1868 604 aut
1887 588 1906 620 ‚
1931 551 2008 604 ut
2035 535 2178 622 alii,
2221 537 2478 631 Euthy-

364 641 557 708 cratis
575 693 595 725 ‚
620 641 776 710 vicit
803 654 1117 736 utrosque
1152 645 1344 736 copia
1376 643 1714 736 signorum
1731 693 1750 726 ‚
1781 655 1848 710 et
1871 640 1953 710 de
1989 666 2106 710 sua
2133 656 2274 710 arte
2301 667 2478 711 com·

368 746 583 835 posuit
618 745 973 814 volumina.

466 847 694 920 Plures
756 851 1037 922 artifices
1088 853 1301 922 fecere
1360 849 1616 919 Attali⁷¹
1655 866 1721 919 et
1775 851 2089 920 Eumenis
2154 850 2468 920 adversus
2504 873 2572 939 35

366 952 590 1024 Gallos
622 955 1241 1100 psraelia31sigonu5‚
1282 955 1827 1050 Pyromachus⁷²,
1863 959 2310 1040 StratonicUS‚
2333 961 2474 1024 An-

366 1047 686 1152 tigonus⁷³
701 1113 720 1144 ‚
762 1064 872 1157 qui
929 1064 1221 1134 condidit
1265 1062 1596 1131 volumina
1645 1061 1727 1130 de
1779 1086 1896 1130 sua
1943 1075 2103 1128 arte.
2149 1048 2450 1131 Boethi⁷⁴

362 1188 737 1260 quanquam
757 1184 1033 1263 argento
1058 1168 1379 1251 melioris,
1416 1168 1630 1236 infans
1671 1168 1906 1235 eximie
1939 1189 2234 1233 anserem
2265 1180 2474 1234 stran-

364 1269 561 1362 gulat.
604 1276 815 1368 Atque
850 1299 927 1344 ex
972 1275 1317 1359 omnihus,
1356 1297 1501 1402 quoe
1542 1273 1768 1359 retuli,
1809 1263 2168 1340 clarissima
2204 1295 2478 1364 quaeque

357 1375 491 1466 jam
524 1393 677 1446 sunt
709 1379 925 1450 dicata
958 1327 1423 1473 Vespasiario⁷⁵
1468 1379 1766 1471 principe
1809 1379 1876 1446 in
1918 1374 2167 1468 templo
2202 1377 2388 1444 Pacis
2405 1362 2479 1458 ⁷⁶,

362 1478 631 1575 aliisque
678 1484 817 1575 ejus
862 1485 1207 1576 oper-ihm,
1242 1481 1552 1550 violentia
1597 1481 1882 1549 Neronis
1934 1483 2001 1548 in
2042 1480 2274 1548 urbem
2319 1505 2480 1549 con-

362 1587 643 1672 vecta⁷⁷‚
670 1591 831 1656 etin
856 1587 1126 1656 sellariis
1160 1586 1397 1655 domus
1430 1610 1646 1653 aureae
1675 1586 2006 1679 disposita.

468 1693 793 1759 Praeterea
828 1706 982 1760 sunt
1024 1692 1386 1786 aequalitate
1424 1689 1732 1760 celebrati
1771 1689 2086 1777 artifices3
2127 1690 2242 1760 sed
2285 1689 2480 1761 nullis
2518 1715 2585 1768 35

366 1819 644 1888 operum
670 1821 938 1865 suorum
957 1800 1286 1892 praecipui.
1316 1799 1618 1879 Ariston,
1645 1798 1848 1888 quiet
1870 1810 2216 1887 argentum
2255 1795 2485 1866 caela-re

362 1899 593 1968 solitus
636 1915 767 1988 est,
804 1901 1127 1973 Calhades
1145 1890 1195 1943 ⁷⁸
1257 1904 1506 1972 Ctesias
1525 1901 1576 1941 ⁷⁹
1580 1889 2074 1987 ‚clantharusffl’
2110 1903 2483 1996 SicyoniuS‚

450 2116 538 2166 7ο.
568 2097 883 2152 Xenocmtes.
930 2100 1170 2154 Diximus
1203 2099 1271 2153 de
1312 2118 1377 2152 eo
1466 2097 1518 2148 V
1551 2117 1564 2149 ι
1605 2093 1814 2152 Παιδίον
1855 2099 2109 2167 ἐπίχρυσον
2157 2099 2364 2154 καθῆται
2400 2119 2486 2169 γυ-

366 2175 421 2227 in
447 2178 738 2230 Auctorum
760 2178 962 2232 Indice.
991 2179 1172 2232 Hsan.

445 2273 540 2324 71.
564 2257 743 2310 Attali.
767 2259 967 2311 Attalus
995 2259 1235 2328 Pergami
1264 2276 1378 2321 rex,

365 2334 563 2387 amicus
612 2354 671 2388 ac
720 2337 892 2389 socius
941 2337 1127 2408 populi
1168 2339 1375 2390 romani

369 2409 539 2465 dictus
555 2428 645 2467 est.
676 2415 885 2481 Gallos,
914 2417 1057 2480 sive,
1093 2427 1151 2468 ut
1188 2416 1376 2468 Pausa-

370 2490 481 2542 nias
501 2493 571 2544 ait
588 2530 603 2556 ,
630 2495 786 2546 Attio.
812 2497 871 2560 1,
902 2514 956 2566 p.
994 2495 1081 2560 13,
1110 2497 1375 2559 Γαλάτας,

372 2567 465 2639 qui
480 2585 667 2643 nempe
682 2573 901 2626 Galatia!
920 2575 1119 2628 vicinas
1135 2573 1377 2642 regiones

371 2647 533 2701 effuse
550 2652 961 2722 populabantur,
980 2653 1159 2704 multis
1182 2653 1377 2721 praeliis

370 2727 525 2780 ambo
546 2730 733 2783 vicere.
757 2730 1033 2783 Gallorum
1064 2731 1379 2784 internecio·

1464 2180 1581 2248 μνὸν
1623 2179 1714 2247 πρὸ
1757 2181 1844 2236 τῆς
1891 2169 2182 2248 Ᾰφροὸίτης·
2217 2182 2393 2239 Βοηθὸς
2420 2174 2480 2230 δὲ

1462 2258 1708 2326 ἐτόρευσεν
1731 2259 1850 2309 αὐτὸ
1873 2252 2232 2325 Καρχηδόνιος.
2255 2257 2336 2308 ΗΑ
2347 2274 2439 2308 ιιι).

1543 2337 1638 2404 75.
1647 2336 1829 2387 Dicam
1848 2335 2055 2404 Vesper.
2075 2334 2224 2387 Brot.
2243 2349 2306 2384 ex
2321 2332 2482 2386 codd.

1464 2416 1627 2484 Regg.
1673 2427 1729 2466 et
1767 2411 1894 2465 edit.
1939 2414 2214 2485 principe„
2253 2412 2419 2464 dicata
2447 2431 2484 2465 a

1470 2493 1782 2562 Vespasiano.
1814 2494 1918 2544 En.

1545 2573 1751 2640 76.1n
1803 2572 1974 2641 templo
2031 2572 2198 2627 Pacis.
2249 2571 2486 2642 Regione

1464 2651 1630 2703 Urbis
1659 2663 1858 2702 octava.
1871 2650 2070 2702 ΗΑΜ).

1547 2748 1640 2799 77.
1682 2728 1752 2780 V
1734 2730 1826 2781 ao!
1826 2731 1931 2780 ntia
1978 2729 2187 2782 Neronis
2226 2733 2277 2781 in
2323 2729 2484 2782 urbem

370 2823 489 2857 nem
517 2808 573 2859 in
601 2809 800 2876 Mysia,
820 2811 914 2862 ubi
940 2829 1031 2862 eos
1053 2810 1255 2862 Attalus
1283 2808 1377 2861 de·
1461 2827 1596 2861 conv.
1631 2809 1804 2872 Quem
1828 2808 2138 2877 quingentas
2165 2827 2229 2860 ex
2253 2825 2355 2860 aere
2381 2819 2484 2860 sta-

370 2883 525 2948 levit‚
564 2886 632 2937 ab
681 2884 867 2940 codem
915 2887 1159 2958 principe
1199 2889 1401 2946 statui&

370 2964 531 3014 aeneis
557 2964 919 3033 compluribus
940 2965 995 3017 in
1016 2983 1137 3017 arce
1161 2966 1381 3019 Athenis

370 3041 531 3094 fuisse
552 3041 837 3094 exhibitam
855 3084 869 3106 ‚
886 3041 1042 3096 docet
1062 3042 1199 3096 idem
1221 3045 1379 3114 paulo

370 3133 504 3190 post.
532 3121 715 3173 Halm.

451 3217 547 3268 7²·
570 3199 905 3272 Pymmachw.
931 3203 1013 3254 De
1026 3200 1380 3271 Pyromacho,

372 3295 543 3348 supra.
610 3279 933 3334 Stratonicus
990 3279 1131 3333 idem
1206 3280 1345 3335 forte
1363 3320 1381 3345 ,

372 3373 527 3426 quem
555 3357 871 3412 strationem
891 3361 1170 3414 Pausanias
1198 3373 1376 3425 vocat,

373 3436 619 3489 Corinth.
649 3438 738 3503 11,
777 3459 834 3510 p.
873 3457 1003 3508 127,
1024 3439 1119 3491 ubi
1151 3440 1383 3494 AEscula-

374 3513 449 3582 pii
474 3527 527 3568 et
547 3516 735 3586 Hygia
760 3518 903 3587 signa
938 3518 1004 3571 ab
1038 3537 1103 3571 eo
1131 3518 1249 3572 ficta
1276 3519 1384 3572 lau-

375 3589 461 3646 dat
486 3593 541 3649 in
567 3595 771 3665 primis.
792 3595 973 3649 Haan.

454 3674 548 3741 73.
588 3675 885 3743 Antigonus.
926 3677 1195 3746 Carystius
1256 3677 1381 3739 ille,

376 3747 443 3802 de
467 3770 575 3822 quo
604 3753 657 3805 in
692 3755 983 3806 Auctorum
1010 3753 1208 3807 Indice.
1236 3753 1304 3808 H.

456 3838 549 3898 74.
586 3831 776 3884 Boethi.
810 3833 1256 3903 Carthaginiensis
1284 3845 1383 3886 sta-

382 3909 531 3960 tuarii
546 3949 562 3973 ,
584 3911 733 3982 cnjus
750 3911 903 3982 pusio
921 3910 1184 3975 laudatur,
1198 3911 1383 3965 sedens

384 3983 450 4035 ad
496 3987 713 4044 Veneris
772 3989 937 4060 pedes
953 4030 969 4054 ,
1028 3992 1083 4043 in
1136 3991 1383 4044 Eleorum

388 4066 609 4134 templo,
638 4081 765 4122 teste
792 4069 1043 4123 Pausania
1066 4110 1080 4136 ‚
1110 4071 1272 4124 Eliac.
1302 4089 1384 4140 pr.

1464 2899 1582 2940 tuas
1615 2905 1646 2938 e
1681 2887 1886 2939 Gracia
1915 2887 2136 2938 Romam
2165 2897 2482 2955 asportasse,

1464 2979 1652 3020 auctor
1689 2979 1766 3017 est
1795 2965 2073 3018 Pausanias
2110 2965 2166 3018 in
2201 2965 2364 3018 Phoc.
2393 2965 2479 3026 X,

1470 3065 1526 3116 p.
1569 3049 1697 3098 620.
1723 3045 1803 3095 De
1836 3044 2054 3096 sellariis
2085 3043 2276 3096 domus
2309 3059 2483 3097 aureo

1466 3123 1706 3176 dicemus
1745 3123 2014 3186 XXXVI,
2043 3133 2131 3186 ²4·
2159 3121 2339 3174 Hsan.

1551 3206 1643 3271 78.
1671 3201 1932 3254 Calliades.
1960 3203 2024 3253 In
2053 3203 2200 3254 libris
2227 3203 2483 3257 hactenus

1469 3279 1644 3345 editis,
1659 3281 1864 3334 Callias.
1886 3283 2011 3350 Reg.
2031 3280 2151 3334 cod.
2177 3301 2228 3345 a,
2247 3281 2480 3336 callides.

1470 3361 1580 3412 Nos
1608 3361 1876 3422 Callicula,
1903 3379 1932 3413 a
1954 3360 2177 3414 Tatiano
2193 3361 2483 3426 admoniti,

1467 3439 1562 3510 qui
1605 3436 1889 3492 Καλλιάδου
1931 3440 2167 3493 statuarii
2211 3443 2480 3502 meminit,

1468 3519 1526 3571 in
1569 3520 1821 3573 Oratione
1861 3533 2042 3574 contra
2078 3519 2319 3586 Graecos‚
2362 3536 2482 3590 pag.

1476 3599 1606 3652 183.
1639 3601 1820 3652 Haun.

1550 3697 1641 3746 79.
1667 3680 1868 3731 Ctesias.
1890 3680 2133 3738 Κτησίας.
2163 3678 2244 3727 Ita
2267 3676 2397 3742 neg.
2424 3689 2486 3734 ας

1468 3776 1578 3808 non
1597 3797 1611 3822 ,
1637 3769 1698 3809 ut
1721 3757 1876 3820 editi,
1907 3757 2110 3809 Ctesias.
2141 3755 2324 3806 Hsan.

1551 3838 1638 3889 8ο.
1672 3838 1945 3889 cantharus
1985 3833 2255 3903 Sicyonius.
2305 3835 2487 3886 Σικυω-

1468 3916 1565 3966 νίου
1595 3916 1847 3984 Κανθάρου
1877 3930 2035 3980 opera
2059 3907 2236 3962 laudat
2263 3909 2486 3962 Pausan.

1472 3993 1639 4046 Eliac.
1671 3990 2010 4064 posteriorib.
2033 3987 2116 4038 v1
2133 4024 2148 4051 ,
2190 4007 2310 4060 pag.
2345 3987 2456 4060 376
2475 4029 2494 4055 ,

1473 4084 1526 4123 et
1551 4072 1694 4122 alibi.
1711 4070 1828 4121 Ham
1837 4086 1892 4122 n.

2141 4135 2255 4211 13³
