2975 4684
442 312 580 384 632
985 317 1063 384 C.
1114 314 1447 384 PLINII
1484 311 1709 394 ‚NAT.
1757 312 2012 382 HIST.

442 470 601 517 saxo
636 429 891 517 cordis*
930 445 1149 516 modo.
1197 448 1343 516 Hoc
1374 443 1712 515 metallum
1749 445 1927 541 apud
1975 447 2208 516 Persas
2239 446 2564 520 defecisse

446 553 741 642 traditur.
780 551 909 620 Sed
942 552 1364 622 inveniuntur
1398 550 1847 670 compluribus
1875 549 2014 620 aliis
2041 549 2236 633 lociS‚
2276 556 2450 624 sicut
2489 556 2560 624 in

443 659 647 745 Paro,
698 671 765 724 et
813 643 1037 726 Asso⁵.
1087 661 1168 726 In
1221 657 1409 726 India
1449 658 1650 724 trium
1687 642 2051 775 generum⁶
2075 659 2446 746 ·‚rubrum
2493 673 2564 730 et

444 761 625 855 quod
649 761 919 830 dionum
952 777 1197 832 vocant
1231 787 1270 832 a
1302 761 1779 855 magnitudine:
1805 762 2096 850 tertium,
2115 765 2296 857 quod
2327 788 2564 859 argen-

446 867 569 936 teis
591 867 869 936 bracteis
890 868 914 907 ⁷
942 867 1312 938 sublinitur.
1351 867 1595 937 Indicae
1618 865 2000 962 perlucent:
2023 871 2372 939 crassiores
2407 885 2566 939 sunt

442 971 759 1041 Arabicae.
806 976 1245 1044 Inveniuntur
1301 988 1370 1042 et
1427 974 1608 1043 circa
1651 972 1958 1042 Leucada
2001 975 2222 1092 Epiri,
2271 988 2340 1044 et
2385 975 2563 1044 circa

310 1149 323 1159 ,
440 1078 832 1173 AEgyptum,
870 1103 1017 1172 quae
1055 1081 1321 1150 bractea
1349 1103 1552 1147 aurea
1589 1076 2028 1147 sublinuntur.
2069 1081 2210 1148 Et
2191 1103 2260 1148 m
2301 1079 2406 1148 his
2441 1103 2563 1148 au·

441 1197 575 1288 tem
612 1207 825 1252 mares
862 1186 1203 1255 excitatius
1234 1183 1527 1281 fulgent.
1567 1183 1826 1253 feminae
1859 1170 2216 1278 pigriores⁸
2249 1199 2444 1272 sunt,
2491 1200 2560 1256 et

442 1289 725 1358 crassius
768 1291 999 1358 nitent.
1048 1292 1191 1360 Nec
1226 1289 1352 1360 fuit
1390 1289 1515 1359 alia
1557 1313 1818 1384 gemma
1857 1288 2035 1383 apud
2078 1293 2396 1384 antiquos
2439 1315 2566 1358 usu

443 1390 868 1487 frequentior.
896 1399 1039 1465 Hac
1072 1410 1253 1466 certe
1278 1395 1457 1492 apud
1495 1393 1980 1465 Menandrum⁹
2017 1408 2084 1464 et
2115 1395 2568 1498 Philemonem

444 1498 683 1568 fabulae
716 1501 1125 1596 superbiunt.
1172 1503 1314 1570 Nec
1346 1500 1480 1571 ulla
1518 1515 1616 1570 est
1648 1499 2230 1579 translucendum,
2266 1525 2414 1594 quae
2443 1514 2572 1568 tar-

443 1604 589 1674 dius
624 1605 879 1676 suffuso
912 1606 1192 1676 humore
1224 1607 1602 1689 hebetetur,
1631 1604 1907 1699 oleoque
1944 1607 2186 1699 magis,
2217 1630 2416 1699 quam
2444 1605 2571 1675 alio

444 1709 715 1805 liquore.
749 1713 1172 1782 Damnantur
1196 1737 1277 1781 ex
1305 1714 1381 1788 iis
1409 1709 1730 1781 melleae¹⁰
1732 1764 1752 1797 ‚
1782 1725 1850 1780 et
1875 1709 2152 1780 validius
2181 1709 2544 1781 testaceae¹¹
2553 1763 2570 1780 .

550 1809 1095 1912 xxxu.(vn1.)
1134 1818 1411 1932 Egregia
1444 1819 1822 1888 etiamnunc
1859 1815 2157 1910 topazio¹
2197 1815 2404 1911 gloria
2434 1830 2574 1903 est,

532 1991 587 2049 4.
603 1985 1138 2038 Hoerenstnsasicorde
1151 1981 1253 2048 (sic
1268 1974 1458 2063 prius).
1549 1983 1677 2036 dum
1706 1983 1953 2055 reponit,
1981 1984 2037 2036 in
2079 1983 2580 2055 Solin.pag.1832

450 2065 589 2134 Lege
629 2081 642 2115 :
683 2063 1019 2116 ·‘Hoerens
1004 2083 1058 2117 m
1092 2083 1249 2130 saxo,
1288 2051 1463 2118 cordis
1551 2075 1612 2116 ut
1632 2062 1874 2134 omittam
1902 2073 2114 2130 catera,
2151 2063 2302 2117 MSS.
2327 2061 2577 2117 codicum

451 2139 644 2205 modo,
670 2140 775 2194 hoc
813 2142 1081 2195 metallum
1113 2103 1255 2213 apud
1286 2143 1465 2196 Persas
1551 2157 1862 2195 consensum
1889 2142 2046 2195 nauci
2073 2142 2217 2198 facit.
2239 2143 2306 2196 H.
2334 2173 2411 2185 —
2446 2141 2580 2193 υἱο-

449 2218 698 2273 defecisse
724 2217 1015 2285 traditan-‚-
1048 2219 1084 2273 i.
1104 2238 1151 2273 e.
1172 2221 1275 2274 hoc
1299 2239 1465 2292 genus
1552 2240 1680 2274 num.
1711 2221 1858 2272 Brot.
1885 2239 1947 2275 ex
1978 2221 2128 2276 MSS.
2163 2223 2321 2292 Regg.
2352 2240 2413 2286 ι,
2433 2220 2497 2285 3,
2519 2219 2580 2288 5,

450 2301 729 2352 marmoris
765 2299 849 2352 vel
876 2299 1009 2363 saxi,
1048 2299 1187 2352 intra
1219 2298 1363 2371 quod
1389 2299 1468 2351 in-
1559 2305 1625 2366 6,
1649 2312 1702 2353 et
1723 2298 1848 2353 edit.
1881 2299 2145 2372 principe.
2175 2301 2406 2353 dianium.
2433 2299 2540 2352 En.

450 2378 798 2431 veniebantnr
828 2377 993 2430 sardic
1020 2395 1281 2450 gemmae„
1297 2381 1467 2432 Satn.
1640 2398 1694 2449 7.
1719 2382 1977 2450 Argentea}
1998 2379 2212 2432 bracteis.
2233 2377 2473 2432 Subditi-
2491 2377 2581 2431 ni-

534 2455 587 2511 5.
612 2458 675 2509 In
696 2457 832 2508 Pae-o
852 2469 901 2508 et
925 2457 1071 2509 Asso.
1110 2457 1225 2510 Hoc
1258 2475 1285 2510 a
1310 2458 1471 2512 Gele-

451 2535 543 2590 nio
556 2547 649 2588 est.
672 2535 823 2589 MSS.
842 2554 1051 2598 omnes,
1076 2539 1139 2590 In
1159 2537 1360 2606 Ephiro.
1382 2536 1469 2590 An

454 2618 504 2666 in
526 2615 719 2682 Epiro?
740 2615 867 2667 Mox
892 2628 1033 2669 certe
1052 2615 1308 2688 sequitur,
1332 2638 1353 2660 ι
1376 2617 1470 2669 In·

455 2694 741 2748 veniuntur
755 2707 809 2747 et
832 2696 966 2749 circa
993 2694 1234 2749 Leucade
1260 2695 1463 2766 Epiri..

456 2771 636 2826 Han.

540 2853 591 2904 6.
614 2853 675 2904 In
696 2853 841 2905 India
864 2857 1005 2906 trium
1026 2873 1266 2922 generum.
1295 2852 1467 2923 Lege:

464 2956 486 2979 ι
500 2929 565 2982 In
585 2931 738 2984 India
762 2933 923 2984 trium
944 2951 1225 3004 generum:
1247 2932 1472 2984 rubrum

458 3019 511 3061 et
538 3009 683 3079 quod
708 3008 965 3062 disemum
998 3021 1190 3064 vocant
1220 3030 1248 3062 a
1274 3011 1475 3080 magni·

457 3085 663 3141 tudine.
696 3114 719 3134 ι
754 3088 993 3159 Δὶσημον,
1019 3086 1165 3160 quod
1189 3107 1249 3142 ea
1275 3088 1475 3160 magni·

458 3161 643 3218 tudine
668 3178 793 3227 erat,
819 3178 878 3219 ut
898 3165 1015 3219 duoe
1038 3164 1301 3238 σφραγῖδος
1328 3187 1390 3221 ex
1410 3187 1475 3221 eo

460 3241 579 3296 fieri
599 3257 825 3312 possent.
846 3246 1016 3299 Saus.
1033 3277 1111 3286 --
1136 3249 1209 3298 Et
1229 3247 1359 3321 quod
1373 3248 1475 3300 dio-

462 3341 571 3373 num
600 3335 805 3384 vocant,
826 3343 857 3374 a
885 3326 1224 3396 magnitudine.
1254 3325 1474 3397 Sequuti

462 3399 624 3453 fidem
673 3401 982 3456 eorumdem
1036 3403 1275 3458 codicum
1326 3405 1477 3458 MSS.

463 3479 788 3550 negleximus
830 3495 1019 3553 typos,
1059 3485 1148 3554 qui
1180 3504 1289 3556 proe
1319 3501 1372 3535 se
1404 3483 1480 3536 fe·-

463 3572 619 3625 runt,
653 3586 674 3607 c
700 3561 769 3612 Et
794 3561 941 3631 quod
969 3560 1201 3616 demium
1234 3575 1419 3614 vocant
1450 3581 1478 3613 u

462 3637 804 3708 pinguedine.
849 3666 871 3687 ·
915 3644 1088 3694 Δίωνον
1132 3642 1214 3693 vel
1256 3640 1481 3695 barbam

462 3716 721 3770 Indorum
751 3719 931 3790 lingua
962 3717 1163 3772 dictum
1193 3731 1473 3788 putamus.
1461 3741 1473 3752 ·

464 3797 550 3848 vel
567 3832 583 3860 ,
604 3798 647 3849 si
672 3817 865 3868 greca,
890 3798 1034 3870 quasi
1054 3795 1132 3860 δὶς
1152 3798 1305 3864 ὤνιον,
1328 3796 1479 3866 quod

466 3871 737 3944 duplicato
766 3879 935 3947 pretio
960 3877 1031 3930 ob
1062 3874 1481 3950 magnitudinem

466 3955 758 4022 comparari
772 3956 952 4025 possit.
971 3957 1183 4024 Δῖσημον
1204 3955 1483 4010 Salmasius

1557 2457 1751 2511 mirum
1771 2498 1786 2524 ‚
1824 2471 1884 2512 ut
1907 2459 2225 2516 translucere
2256 2457 2340 2509 vel
2375 2457 2452 2510 sic
2487 2475 2586 2512 oo-

1557 2549 1767 2608 gantur.
1797 2537 1978 2589 Hann.

1638 2619 1694 2671 8.
1737 2617 1999 2684 pigriores.
2036 2613 2117 2666 Ita
2146 2611 2298 2665 MSS.
2333 2631 2446 2676 non
2469 2617 2586 2684 ρὶο-

1554 2697 1761 2764 gaios-os.
1797 2694 1885 2748 Sic
1922 2693 2032 2762 ipse
2062 2710 2176 2766 cap.
2221 2693 2329 2755 25,
2364 2691 2434 2745 de
2463 2711 2584 2747 car-

1563 2773 1833 2826 bunculis:
1861 2799 1885 2820 ι
1909 2771 2128 2824 Masculi
2149 2771 2348 2834 acrius,
2373 2773 2588 2826 femine

1557 2851 1856 2924 languidius
1881 2852 2264 2923 refulgentes.»
2241 2851 2482 2908 tumn.

1644 2950 1697 3000 9.
1743 2931 1898 3001 Apud
1950 2931 2282 2984 Menandrum.
2321 2929 2414 2983 'Ex
2458 2930 2586 2984 'Me-

1561 3009 1754 3062 nandri
1769 3008 2044 3074 comoedia,
2059 3027 2179 3081 (με
2201 3007 2378 3063 Πεδίον
2400 3009 2590 3065 inseri

1561 3089 1706 3142 bitur
1739 3078 1827 3158 (nn
1863 3084 2070 3141 Παιδίον
2117 3085 2401 3160 potius?)‚
2435 3085 2585 3160 apud

1563 3168 1753 3220 Athon.
1784 3167 1876 3218 lib.
1903 3168 2022 3232 111,
2057 3185 2174 3239 pag.
2203 3175 2306 3236 94,
2333 3168 2586 3224 recitatur

1559 3245 1644 3300 hic
1662 3245 1983 3300 versiculus:
2007 3241 2342 3320 Μαράγδοι*
2299 3267 2420 3300 sum
2439 3251 2590 3304 ταῦτ

1560 3320 1662 3378 ἔδει
1690 3323 1773 3378 καὶ
1801 3321 2004 3397 σάρδια.
2031 3327 2238 3380 Duum.

1653 3422 1736 3456 10.
1763 3403 2072 3474 Damnantur
2087 3425 2147 3458 ex
2165 3409 2224 3458 iis
2247 3405 2453 3466 molteoe,
2475 3415 2584 3459 ete.

1569 3481 1730 3538 Sarda
1759 3484 1944 3536 mellea
1958 3523 1975 3547 ,
2022 3484 2104 3536 vel
2137 3484 2325 3536 melleo
2373 3483 2554 3536 colore
2569 3523 2588 3549 ,

1562 3562 1722 3616 ,nobis
1740 3575 1817 3615 est
1837 3564 1886 3614 [a
1901 3563 2141 3615 corneliae
2149 3563 2413 3635 jacendtn3
2435 3575 2591 3615 testa·

1568 3659 1656 3693 cea
1675 3681 1690 3706 ,
1722 3660 1838 3713 quoe
1884 3654 2066 3695 testam
2099 3641 2276 3695 colore
2320 3640 2507 3705 refert,
2533 3641 2592 3694 Coe

1567 3722 1810 3772 camollae
1839 3721 2107 3790 mageda-e.
2137 3721 2235 3773 En.

1653 3818 1676 3852 ι
1693 3799 2176 3866 1.Testaoeoe.Quae
2193 3809 2378 3854 testam
2405 3797 2595 3852 colore

1568 3879 1822 3933 referunt.
1855 3879 2034 3934 Han.

1647 3957 1880 4010 xxxll.
1902 3975 1950 4010 1.
1961 3957 2190 4026 Topaesae'o.
2207 3910 2479 4027 Topnmim
2492 3971 2590 4006 vo·
