2975 4684
1114 401 1416 469 LIBER
1470 402 1816 469 xxxvl
2386 398 2522 496 509

411 532 561 601 tatis
590 555 735 625 quae
760 519 1313 652 superfluebant⁵⁵
1341 534 1702 628 quotidiani
1729 554 1886 602 usus
1902 518 2214 602 deliciis⁵⁶
2218 534 2523 621 ,incensa

408 636 561 728 vilia
596 638 680 705 ab
712 638 890 707 iratis
919 640 1159 723 servis,
1189 653 1722 709 concremaretur
1751 637 1836 705 ad
1866 641 1960 705 H-
1967 641 2012 708 S
2049 637 2276 708 millies
2289 626 2362 703 5.7

514 742 748 811 Aufert
804 745 1133 824 animum,
1198 760 1267 814 et
1316 771 1355 813 a
1404 746 1729 813 destinato
1771 744 1999 812 itinere
2045 743 2295 838 digredi
2339 746 2519 839 cogit

409 847 877 968 contemplatio
909 863 1045 917 tam
1080 849 1369 944 prodigae
1402 850 1679 978 mentisa,
1712 846 2034 942 aliamque
2065 852 2365 919 connecti
2392 875 2521 919 ma·

401 951 615 1071 jorem
648 954 969 1023 insaniam
997 978 1035 1023 e
1064 941 1689 1049 ligno.c.Cu1-io⁵⁸,
1728 954 1840 1047 qui
1874 951 2070 1082 bello⁵
2076 954 2300 1024 civili·
2280 979 2349 1022 in
2373 958 2521 1027 Cae-

406 1059 672 1126 sarianis
696 1060 993 1152 partibus
1016 1061 1215 1141 obiit,
1244 1060 1504 1131 funebri
1533 1060 1734 1155 patris
1762 1044 2070 1127 munere⁵
2073 1058 2122 1143 ⁹,
2143 1084 2346 1160 quum
2373 1067 2519 1179 opi-

405 1162 528 1231 bus
558 1180 1007 1295 apparatuque
1035 1191 1171 1235 non
1192 1182 1415 1260 posset
1432 1190 1742 1261 superare
1771 1166 2088 1233 Scaurum
2110 1151 2322 1251 (unde
2343 1168 2514 1235 enim

406 1264 497 1336 illi
542 1256 852 1339 vitricus⁶
856 1269 1133 1363 ‘'Sylla,
1172 1286 1237 1339 et
1271 1271 1541 1341 Metella
1579 1285 1788 1341 mater
1820 1269 2375 1389 proscriptionum
2410 1295 2513 1339 se-

403 1359 612 1442 ctrix⁶
618 1370 677 1440 Ῥ
712 1374 885 1443 unde
925 1377 1021 1443 M.
1056 1377 1339 1444 Scaurus
1378 1390 1601 1495 pater,
1632 1376 1822 1445 toties
1854 1376 2159 1469 princeps
2197 1375 2516 1459 civitatis,

402 1491 470 1547 et
495 1478 817 1547 Marianis
842 1465 1217 1547 sodalitiis&
1248 1483 1632 1574 rapinarum
1665 1477 2162 1598 provincialium
2195 1464 2404 1547 sinus⁶
2410 1464 2516 1568 ³?)

401 1606 609 1674 quum
634 1582 773 1673 jam
815 1603 901 1650 ne
934 1584 1073 1676 ipse
1107 1584 1371 1675 quidem
1406 1590 1692 1653 Scaurus
1722 1585 2092 1678 comparari
2121 1584 2242 1653 sibi
2267 1597 2521 1678 posset,

400 1685 664 1779 quando
684 1686 813 1755 hoc
844 1701 1022 1756 certe
1050 1688 1335 1757 incendii
1359 1689 1528 1758 illius
1549 1690 1884 1783 praemium
1901 1689 2158 1773 habuit,
2188 1691 2520 1758 convectis

401 1816 481 1858 ex
517 1792 678 1861 orbe
712 1806 1034 1861 terrarum
1064 1794 1262 1861 rebus
1282 1845 1301 1878 ,
1329 1809 1402 1863 ut
1432 1819 1632 1863 nemo
1650 1808 1876 1889 postea
1905 1818 2025 1888 par
2051 1809 2221 1863 esset
2251 1795 2518 1863 insaniae

402 1894 514 1964 ini.
554 1898 829 1991 Ingenio
865 1922 1025 1991 ergo
1068 1898 1383 1967 utendum
1428 1899 1598 1969 fuit:
1638 1925 1856 1994 operae
1889 1900 2170 1994 pretium
2214 1913 2314 1967 est
2351 1901 2516 1967 scire

398 1995 555 2094 quid
585 2003 946 2090 invenerit,
969 2018 1035 2074 et
1052 2003 1339 2139 gaudere
1357 2005 1650 2074 moribus
1675 2007 1950 2086 nostris,
1968 2028 2045 2071 ac
2063 2018 2291 2073 nostro
2317 2005 2516 2073 modo

396 2130 517 2176 nos
546 2131 784 2179 vocare
811 2093 1126 2201 majores⁶
1129 2094 1487 2178 ‚Theatra
1517 2110 1691 2179 duo
1667 2124 1857 2202 Juxta
1885 2109 2038 2177 fecit
2061 2106 2452 2201 amplissima
2479 2134 2516 2176 e

478 2242 570 2343 55.
611 2291 738 2359 Quoe
760 2292 1125 2361 superfluebant.
1154 2292 1287 2357 Qun
1324 2310 1411 2345 re·
1493 2312 1586 2358 ro,
1628 2294 1846 2347 vitricus
1879 2292 2048 2363 sylla,
2073 2302 2152 2344 tot
2190 2291 2516 2361 proscriptor

396 2365 720 2421 dundabant.
752 2368 839 2421 Sic
860 2370 1007 2423 MSS.
1036 2370 1107 2423 At
1132 2371 1187 2423 in
1224 2370 1373 2425 editis
1390 2408 1407 2435 ‚
1494 2373 1690 2425 civium
1712 2390 1726 2424 z
1746 2390 1859 2424 non
1879 2370 2091 2424 Metella
2108 2368 2316 2425 Caecilia
2327 2382 2513 2445 mater,

396 2466 503 2517 quoe
520 2449 850 2518 superfuerant
861 2467 879 2500 .·
889 2448 1041 2507 forte.
1054 2460 1175 2518 post
1190 2448 1407 2502 domum

394 2526 651 2579 urbanam
676 2546 739 2580 ex
754 2526 961 2580 scenico
978 2544 1041 2579 eo
1059 2528 1411 2582 instrumento

396 2616 633 2658 ornat-m
652 2642 669 2669 ‚
706 2624 823 2676 quae
853 2620 1160 2677 supererant
1174 2646 1189 2673 ‚
1219 2610 1411 2678 rejecta

398 2683 453 2735 in
478 2684 650 2736 villam
675 2697 733 2736 ut
757 2684 1137 2756 intelligantur.
1169 2686 1351 2739 Hann.

478 2762 565 2815 56.
612 2764 897 2830 Quotidiaui
938 2779 1047 2816 mus
1085 2766 1285 2816 deficiis.
1327 2762 1410 2816 Ad

396 2834 611 2891 delicias
628 2840 978 2909 quotidianas.
1002 2842 1181 2895 Hann.

480 2916 572 2985 57.
592 2918 683 2969 Ad
698 2918 831 2970 H-S.
850 2919 1034 2971 millies.
1052 2920 1205 2972 MSS.
1225 2938 1411 2971 concre-

394 3007 605 3047 maretur·
622 2995 746 3048 H-S
762 2998 944 3049 milltes.
966 2998 1041 3049 Ut
1060 2998 1098 3050 1.
1124 2999 1411 3065 XXXVII,

394 3093 509 3145 cap.
541 3077 574 3126 6
614 3094 629 3127 ε
673 3077 853 3127 Datum
881 3076 1007 3128 mille
1036 3078 1277 3130 talentum.
1322 3080 1409 3131 Se-

394 3154 633 3207 stertium
660 3154 848 3206 millies
870 3169 1087 3208 centena
1118 3159 1303 3221 minin,
1330 3169 1408 3210 est

394 3232 535 3285 enim
560 3232 615 3286 id
645 3252 853 3303 semper
885 3234 1406 3307 subintelligendum.

396 3312 572 3365 Haut).
600 3344 677 3355 —
700 3313 794 3365 Ad
814 3312 930 3365 H-S
952 3315 1135 3367 millies.
1170 3317 1314 3369 Brot.
1343 3335 1404 3369 ex

394 3392 557 3462 Regg.
591 3410 619 3443 2
646 3404 697 3444 et
730 3392 785 3457 3,
811 3394 1231 3465 propositionem
1260 3392 1405 3448 dele-

392 3469 485 3525 vit.
539 3472 677 3525 Sunt
733 3486 955 3525 monem
1007 3474 1207 3543 gallicae
1257 3474 1405 3529 libro

402 3549 755 3616 19,455‚oa5.
778 3551 880 3603 En.

472 3626 561 3680 58.
592 3628 649 3680 C.
680 3628 843 3682 Curio.
868 3628 949 3682 Ad
972 3630 1259 3684 Curionem
1283 3632 1404 3702 plu·

392 3704 538 3757 rimae
555 3706 827 3761 Ciceronis
840 3721 1040 3763 exstent
1052 3710 1309 3780 epistola.
1330 3712 1399 3765 H.

476 3785 574 3852 59·
596 3786 805 3839 Fumbn'
830 3792 985 3857 patris
1012 3808 1216 3843 munere.
1238 3788 1405 3843 Ludis

394 3864 449 3913 in
472 3863 655 3917 funere
678 3867 837 3934 petris
861 3868 1119 3921 exhibitis.
1142 3869 1337 3920 Hui).-

476 3944 569 3996 60.
610 3944 745 3997 Unde
774 3948 897 3997 enim
930 3946 1007 3999 illi
1032 3949 1233 4001 vitricus
1247 3988 1262 4009 ,
1300 3960 1395 4002 etc.

395 4018 517 4072 Non
538 4034 668 4087 eret,
690 4024 882 4094 inquit,
900 4025 1143 4093 Curioni,
1162 4028 1399 4083 018000-

1493 2450 1604 2503 filia
1656 2449 1858 2504 Caecilii
1915 2448 2118 2503 Metelli
2163 2449 2243 2502 Pii
2297 2449 2512 2519 pontifi-

1495 2528 1602 2587 cis,
1632 2541 1730 2581 etc.
1755 2529 1941 2581 Ham).

1578 2610 1645 2659 61
1659 2644 1670 2657 .
1685 2606 1888 2658 Seetre'x.
1915 2632 1938 2654 ι
1959 2606 2198 2659 sectores
2218 2604 2346 2659 dicti
2369 2621 2510 2671 sunt,

1495 2686 1668 2756 inquit
1697 2685 1956 2737 Asconius
1984 2686 2036 2736 in
2057 2687 2213 2737 Verr.
2237 2686 2348 2749 111,
2377 2687 2511 2739 osti-

1495 2776 1742 2823 matores‚
1762 2762 2222 2833 redemptoreque
2243 2764 2508 2817 bonorum

1493 2841 1744 2907 damnati,
1761 2842 1852 2913 qui
1866 2858 2009 2911 spem
2027 2841 2162 2893 lucri
2178 2843 2260 2892 sui
2276 2844 2505 2913 sequuti,

1493 2926 1628 2973 bona
1641 2920 2113 2974 condemnatorum
2137 2920 2292 2971 semel
2311 2923 2508 2974 auctio-

1489 3001 1771 3053 nabantur.
1797 3026 1818 3047 ι
1845 2998 2003 3051 Unde
2019 2998 2276 3049 Antonius
2301 3016 2330 3049 a
2354 2999 2506 3053 Cice·

1491 3098 1652 3144 rone,
1679 3078 1910 3150 Philipp.
1932 3078 1988 3129 11
2005 3111 2021 3137 ,
2045 3095 2192 3131 num.
2221 3077 2311 3145 75,
2332 3086 2504 3133 sector

1491 3158 1732 3228 Pompeii
1773 3157 2098 3229 appellatur,
2147 3158 2396 3227 quoniam
2446 3158 2502 3212 in

1487 3236 1880 3290 subhastatione
1921 3237 2062 3287 bona
2111 3235 2215 3291 Cn.
2264 3236 2502 3309 Pompeii

1486 3316 1798 3369 redemerat.
1826 3314 2004 3367 Hann-

1569 3399 1663 3449 62.
1697 3396 1772 3447 Et
1793 3395 2034 3447 Marianis
2061 3395 2313 3447 sodalitii-e.
2345 3394 2500 3445 Marii

1484 3488 1660 3546 partes
1677 3474 1732 3526 in
1753 3474 1894 3527 bello
1908 3474 2050 3527 civili
2073 3475 2288 3527 foverat.
2307 3474 2500 3541 Iugur-

1486 3553 1592 3607 thae
1651 3553 2014 3625 largitionibus
2071 3553 2446 3621 locupletatum
2478 3588 2496 3615 ,

1486 3636 1859 3704 avaritiamque
1900 3652 2050 3686 snam
2089 3629 2274 3683 callide
2316 3630 2500 3681 occu!-

1488 3725 1651 3779 tasse,
1671 3711 1942 3766 Saliustius
1961 3723 2037 3763 est
2055 3721 2254 3771 auctor,
2275 3708 2329 3759 in
2357 3706 2498 3760 bello

1487 3753 1826 3862 lingui-thino.
1857 3790 2036 3841 Han.

1574 3871 1664 3925 63.
1689 3871 1850 3923 Sinus.
1883 3866 2305 3935 Recepuculum.
2333 3861 2399 3917 H.

1571 3954 1659 4014 64.
1686 3951 1792 4005 Nos
1811 3966 1984 3999 vocare
2009 3947 2224 4014 majores.
2253 3944 2364 3997 Nos
2391 3963 2501 3998 ere-

1491 4026 1620 4083 dere
1643 4028 1934 4099 majoribus
1969 4022 2160 4079 nostris
2191 4040 2372 4095 pareo,
2399 4042 2500 4076 nec

2559 762 2622 815 13
