2975 4684
1012 408 1326 475 LIBER
1388 406 1788 475 XXXVII.

2320 368 2465 475 603

343 538 526 634 pitur
583 530 998 634 sanguine²⁴3
1071 563 1284 633 neque
1333 537 1526 609 aliter
1570 520 1769 632 quam
1820 538 2069 607 recenti
2122 534 2465 632 calidoque
2534 614 2541 621 ,

341 661 700 733 macerata,
731 659 800 713 et
839 646 930 718 sic
972 636 1233 739 quoque
1263 643 1484 715 multis
1526 644 1803 714 ictibus:
1836 643 2263 726 tuncetiam,
2304 668 2467 738 prae-

343 766 644 844 terquam
679 752 984 835 eximias,
1009 750 1280 824 incudes
1307 749 1707 844 malleosque
1732 749 2059 843 frangens.
2096 750 2305 843 Cujus
2331 750 2463 819 hoc
2505 743 2539 797 ⁵
2585 796 2591 811 ·

285 884 300 893 ·
341 859 611 951 ingenio
638 855 1234 952 inventum?quove
1248 882 1403 927 casu
1423 854 1788 951 repertum?
1804 870 1921 924 aut
1945 880 2091 948 quae
2106 856 2231 926 fuit
2251 857 2464 950 conje-
2500 898 2505 902 ·

345 979 537 1034 ctura
563 964 938 1059 experiendi
963 990 1102 1035 rem
1121 966 1422 1033 immensi
1459 963 1714 1048 secreti,
1734 976 1801 1031 et
1833 962 1900 1029 in
1923 961 2275 1031 foedissimo
2321 962 2474 1039 ani-¹

344 1069 661 1139 malium?
699 1070 1062 1139 Numinum
1100 1070 1401 1164 profecto
1431 1070 1721 1139 muneris
1759 1066 1905 1137 talis
1932 1068 2221 1136 inventio
2252 1070 2470 1137 omnis

351 1190 470 1243 est.
521 1178 664 1246 Nec
712 1176 1068 1269 quaerenda
1117 1178 1186 1243 in
1229 1175 1380 1243 ulla'
1399 1191 1587 1270 parte
1626 1188 1875 1243 naturae
1921 1173 2128 1255 ratic,
2184 1174 2297 1242 sed
2339 1198 2465 1242 vo-

349 1278 589 1352 luntas.
615 1286 704 1349 Et
737 1306 942 1373 quum
978 1280 1250 1350 feliciter
1281 1306 1590 1400 rumpere
1620 1280 1919 1372 contigit,
1946 1279 2011 1348 in
2053 1292 2189 1347 tam
2228 1302 2465 1373 parvas

344 1385 674 1478 frangitur
689 1400 990 1516 sci-ustas,
1023 1401 1097 1456 ut
1133 1388 1312 1455 cerni
1339 1390 1446 1456 vix
1473 1389 1743 1481 possint.
1773 1388 2195 1478 Expetuntur
2220 1408 2259 1451 a
2294 1383 2466 1453 scal-

339 1479 710 1583 ptoribus²⁵
715 1540 733 1572 ,
770 1491 1078 1585 ferroque
1111 1490 1555 1571 includuntur,
1592 1489 1839 1558 nullam
1883 1515 2017 1559 non
2054 1489 2359 1559 duritiam
2388 1516 2469 1560 ex

347 1593 522 1663 facili
566 1610 890 1665 cavantes.
951 1597 1230 1665 Adamas
1270 1596 1541 1667 dissidet
1588 1622 1739 1665 cum
1780 1609 2093 1689 magnete
2144 1594 2419 1690 lapide
2400 1621 2467 1664 m
2504 1611 2543 1660 6

348 1686 668 1769 ῐειιιῐιιιιι26
672 1754 690 1784 ,
736 1716 811 1769 ut
831 1702 1018 1794 juxta
1047 1704 1302 1797 positus
1332 1703 1583 1771 ferrum
1633 1727 1768 1769 non
1812 1703 2099 1796 patiatur
2141 1700 2465 1770 abstrahi.

432 1906 522 1962 ²4·
569 1900 778 1951 Hir-cino
827 1904 1062 1971 rumpitur·
1112 1904 1360 1971 sanguine.

346 1978 562 2031 Garcias
597 1978 662 2031 ab
699 1978 868 2031 Horto
899 1993 1178 2049 expertum
1213 1998 1270 2033 se
1304 1978 1361 2033 id

345 2058 556 2121 scribit,
603 2056 696 2109 sed
732 2076 864 2111 vana
895 2076 1008 2129 spe.
1047 2060 1252 2111 Damio.
1281 2090 1360 2101 --

344 2136 552 2187 Hir-cino
593 2141 827 2206 rumpitur
863 2143 1108 2207 sanguine.
1153 2138 1205 2190 N
1207 2150 1362 2209 egunt

344 2216 448 2269 hoc
491 2234 602 2269 esse
639 2234 825 2269 verum
865 2218 1181 2270 recentiores
1219 2218 1359 2287 phy-

345 2294 471 2357 sici,
511 2294 612 2346 nisi
649 2295 829 2347 hircus
863 2309 1016 2349 antea
1043 2297 1360 2366 petroselino

346 2391 406 2425 ac
421 2373 572 2425 silere
591 2386 838 2425 montano
855 2387 1032 2444 pastus
1047 2376 1114 2427 sit
1129 2376 1232 2433 :his
1245 2376 1363 2427 her-

344 2452 427 2503 bis
443 2450 720 2522 frangendi
741 2454 850 2505 vim
873 2454 1136 2507 hircinum
1159 2456 1361 2523 saugui-

344 2548 469 2583 nem
495 2532 713 2599 adipisci
741 2554 752 2583 :
785 2530 916 2585 adeo
945 2547 1006 2586 ut
1031 2545 1151 2586 ruta
1183 2550 1360 2584 mura-

345 2610 424 2662 τίει
457 2611 566 2663 sola
609 2612 761 2665 hirco
801 2614 1064 2678 enutrito,
1105 2630 1204 2683 per
1248 2610 1361 2664 dies

347 2688 710 2760 quadraginta,
726 2692 1103 2763 prohibitoque
1125 2693 1191 2745 ab
1214 2691 1363 2743 omni

347 2780 480 2836 potu
498 2805 515 2830 ‚
541 2769 643 2821 nisi
671 2782 732 2821 ut
751 2772 851 2839 sub
873 2784 1083 2825 noctem
1118 2770 1360 2840 pluviam

348 2844 676 2899 decidentem
690 2848 964 2931 lamberet,
977 2849 1238 2901 interfecti
1253 2866 1366 2900 san-

349 2926 562 2995 guinem
585 2914 802 2979 leniter
787 2928 1121 2989 exsiccatum,
1148 2927 1366 2980 commi-

346 3002 546 3056 nuendi
583 3005 768 3058 calculi
805 3023 957 3059 causa
995 3006 1144 3078 aegris
1182 3007 1362 3085 propi-

348 3096 529 3137 natum
559 3101 698 3148 esse,
731 3082 1028 3139 felicissimo
1054 3099 1266 3140 eventu.
1291 3086 1360 3139 H.

348 3164 633 3215 —He'rcino
654 3169 886 3234 rumpitur
894 3174 1139 3235 sanguine.
1163 3165 1363 3220 Fabula

347 3261 519 3307 mera,
542 3242 630 3295 cui
655 3262 721 3295 ne
735 3245 894 3298 ullam
913 3244 1165 3316 adjiceret
1177 3244 1361 3311 fidem,

347 3323 491 3375 bono
519 3322 798 3376 Harduino
815 3324 938 3376 satis
953 3337 1062 3377 erat
1089 3326 1362 3379 Dalecam-

347 3401 422 3471 pii
447 3414 626 3455 notam
659 3403 960 3473 inspexisse.
999 3402 1146 3457 Hanc
1188 3404 1362 3457 divul-

349 3496 516 3555 gatam
538 3482 708 3538 credit
723 3484 953 3537 fabulam
972 3484 1242 3537 Broterius
1261 3522 1276 3547 ,
1303 3496 1364 3537 ut

349 3561 638 3616 adamantis
663 3562 942 3633 frangendi
967 3577 1130 3617 artem
1162 3572 1360 3615 merca-

351 3652 488 3695 tores
507 3643 790 3713 opificesve
813 3642 1155 3695 occultarent.
1179 3642 1280 3695 En.

427 3728 513 3775 25.
536 3724 846 3791 Expetuntur·
869 3742 901 3773 a
915 3722 1245 3793 scalptoribus.
1263 3720 1360 3774 So-

351 3798 512 3863 linus,
541 3802 642 3853 loc.
667 3803 759 3854 cit.
781 3802 1120 3873 -Fragmenta
1137 3803 1364 3872 scalpto-

349 3880 494 3933 ribus
539 3879 592 3931 in
618 3900 771 3935 usum
799 3880 1150 3953 insignienda
1184 3884 1360 3953 cujus·

350 3977 574 4027 cumque
587 3960 734 4015 modi
749 3980 966 4033 gemmae
983 3974 1319 4033 expetuntur.
1331 3986 1354 4008 ι

347 4037 781 4111 Isidorus,orig.
810 4042 908 4095 lib.
933 4042 1094 4107 XVI,
1121 4060 1235 4111 cap.
1281 4044 1312 4095 8
1341 4060 1354 4093 :

1455 1924 1476 1944 ι
1508 1900 1821 1955 Adamantis
1847 1900 2155 1970 fragmentis
2188 1900 2473 1971 sculptores

1449 1998 1554 2050 pro
1580 1980 1804 2049 gemmis
1828 1978 2175 2049 insigniendis
2196 1980 2471 2050 perforan-

1449 2058 1637 2129 disque
1661 2071 1900 2111 utuntur.
1917 2083 1939 2103 ι
1968 2058 2224 2113 Albertus
2246 2059 2471 2129 Magnus

1448 2136 1517 2189 de
1547 2138 1739 2189 Miner.
1773 2137 1864 2188 lib.
1895 2139 1969 2199 11,
1987 2147 2139 2189 tract.
2166 2156 2219 2201 α,
2238 2156 2293 2208 p.
2324 2156 2469 2207 ²²7²

1456 2242 1477 2264 ι
1505 2215 1605 2269 Hic
1625 2228 1803 2269 autem
1822 2216 1954 2288 lapis
1974 2228 2217 2285 penetrat
2240 2216 2439 2269 ferrum
2453 2256 2471 2283 ,

1425 2308 1501 2366 'et
1532 2308 1746 2349 caetel'afi
1784 2314 2016 2367 gemmas
2039 2313 2225 2348 Omnes
2240 2336 2255 2361 ,
2278 2309 2471 2365 proeter

1449 2374 1762 2445 chalybem,
1801 2376 1857 2426 in
1890 2393 2001 2445 quo
2040 2376 2317 2429 retinetur.
2344 2402 2367 2423 a
2397 2374 2465 2429 Η.

1448 2484 1527 2497 —-·
1549 2454 1750 2506 Nullam
1776 2473 1873 2505 non
1896 2454 2123 2505 duritiam
2144 2474 2205 2505 ex
2219 2454 2371 2522 facili
2386 2474 2473 2507 ea-

1452 2544 1631 2583 vantes.
1664 2533 1764 2585 En·
1790 2533 2063 2603 egregium
2104 2534 2234 2587 artis
2264 2534 2471 2603 experi-

1449 2622 1689 2663 mentum
1708 2649 1727 2677 ,
1745 2628 1853 2681 qno
1879 2612 2167 2682 antiquitus
2192 2612 2473 2667 durissima

1450 2706 1675 2761 quaeque
1721 2688 1995 2743 adamante
2054 2691 2215 2745 fuisse
2266 2693 2474 2763 sculpta

1451 2768 1789 2821 manifestum
1825 2780 1919 2821 est.
1954 2768 2022 2820 Et
2050 2771 2471 2841 antiquissimum

1452 2866 1565 2902 esse
1594 2847 1746 2900 illum
1774 2866 1927 2899 usum
1950 2866 2061 2898 non
2084 2847 2247 2901 modo
2266 2862 2472 2903 constat

1449 2927 1611 2979 Plinii
1649 2927 1955 2981 auctoritate
1972 2964 1987 2990 ,
2016 2925 2111 2978 sed
2148 2940 2203 2979 et
2226 2928 2471 2980 Jeremiae

1451 3007 1623 3060 multo
1668 3005 1999 3077 antiquioris.
2038 3006 2235 3059 Jerem.
2274 3007 2488 3080 XVII„

1458 3103 1509 3139 1.
1543 3090 1725 3139 Artem
1749 3086 1879 3138 olim
1898 3086 2223 3139 notissimam
2254 3104 2472 3143 renova-

1448 3166 1531 3219 vit
1560 3166 1701 3225 ,circa
1738 3184 1937 3218 annum
1979 3163 2126 3236 1475
2162 3166 2471 3223 Ludovicus

1451 3245 1811 3315 Berqnemius.
1840 3245 2005 3297 Bao-r.

1538 3328 1629 3377 26.
1664 3324 1881 3377 Dissidet
1916 3344 2021 3377 cum
2058 3338 2273 3395 magnete
2312 3324 2473 3395 lapido

1451 3407 1503 3456 in
1542 3416 1760 3468 tautum,
1799 3417 1879 3461 ut,
1924 3416 2023 3458 etc.
2056 3405 2377 3458 Fabulosum
2412 3402 2471 3456 id
2560 3410 2565 3415 ’

1452 3502 1671 3555 quoque
1697 3484 1909 3537 Garoias
1932 3484 1997 3535 ab
2023 3485 2223 3549 Horto,
2250 3502 2359 3535 non
2394 3500 2471 3535 se·

1450 3563 1557 3616 mel
1586 3576 1857 3634 expertus,
1877 3562 2054 3617 tradit.
2074 3564 2213 3614 Du..
2232 3593 2312 3605 -—
2330 3561 2471 3613 Ada-

1450 3663 1570 3698 mas.
1598 3644 1679 3697 Ita
1709 3644 1921 3697 Solinus
1940 3680 1956 3706 ,
1984 3641 2251 3704 Isidorus,
2278 3641 2469 3693 Alber·

1451 3734 1565 3789 tus,
1608 3722 1739 3776 locis
1779 3721 1967 3775 citatis.
2014 3718 2361 3783 Marbodeus,
2399 3720 2469 3773 de

1451 3800 1639 3873 Lapid.
1684 3815 1818 3872 pret.
1861 3818 1977 3870 cap.
2028 3818 2051 3851 1
2084 3816 2098 3850 τ
2150 3824 2172 3845 ι
2202 3799 2468 3854 Omnibus

1450 3898 1599 3953 nequa
1626 3895 1795 3934 tamen
1836 3879 1916 3931 vis
1951 3890 2031 3930 est
2059 3875 2321 3931 adducere
2358 3879 2461 3933 fer·

1451 3980 1573 4017 rum
1591 3980 1605 4013 ε
1628 3958 1789 4027 Quod
1810 3958 1933 4011 facit
1951 3969 2004 4011 et
2026 3974 2237 4028 mag-nes
2251 3959 2461 4013 absente

1446 4054 1641 4113 potens
1688 4039 1968 4127 adamante
2002 4058 2013 4088 ε
2050 4038 2187 4092 Nam
2228 4056 2455 4110 presens
2560 4040 2569 4050 '
