2975 4684
356 478 368 488 ,
423 400 521 500 96
976 406 1053 476 c.
1106 405 1449 477 PLINII
1497 407 1716 478 NAT.
1769 403 2024 477 msT.

424 535 679 610 millum
722 536 1183 631 triumphasse.
1243 541 1387 608 Hac
1448 537 1769 634 religione
1811 540 2010 608 etiam
2069 565 2250 610 nune
2301 541 2452 612 addi
2495 543 2566 613 in

426 657 761 738 unguenta
778 666 983 711 coenae
1000 643 1447 740 triumphalis,
1468 658 1536 714 et
1549 669 1587 714 a
1607 645 1992 714 censoribus
2005 647 2070 715 in
2089 648 2316 742 primis
2327 651 2368 718 J
2369 675 2564 719 ovem

422 747 831 818 miniandum
864 747 1315 846 locari.Cujus
1351 752 1443 822 rei
1474 775 1744 822 causam
1764 751 2071 846 equidem
2103 755 2343 824 miror:
2363 779 2564 850 quan-

421 878 621 950 quam
671 868 739 922 et
780 853 981 925 hodie
1050 856 1118 925 id
1179 859 1398 952 expeti
1438 872 1705 927 constat
1757 846 2193 954 AEthiopum³
2255 860 2517 956 populis
2541 915 2562 947 ‚

424 975 731 1054 totosque
758 985 840 1030 eo
870 963 1041 1057 tingi
1068 988 1412 1057 proceres,
1450 963 1762 1060 huncque
1792 964 2014 1059 ibique
2041 964 2320 1036 deorum
2365 969 2564 1037 simu-

419 1065 614 1136 lacris
655 1066 951 1137 colorem
988 1093 1147 1139 esse.
1194 1069 1627 1165 Quapropter
1666 1069 2043 1166 diligentius
2083 1097 2562 1169 persequemur

418 1174 641 1243 omnia
674 1173 759 1243 de
794 1199 895 1245 eo.

526 1283 887 1350 XXXVII.
938 1279 1475 1375 Theophrastus¹
1537 1305 1628 1353 xc
1672 1284 1862 1353 annis
1897 1279 2090 1352 ante²
2137 1284 2563 1355 Praxibulum

420 1386 923 1457 Atheniensium
962 1388 1421 1482 magistratum
1478 1380 1707 1485 (quod
1753 1403 2018 1485 tempus
2065 1391 2208 1459 exit
2258 1392 2326 1460 in
2379 1392 2561 1462 urbis

421 1509 665 1564 nostrae
700 1477 991 1564 ccxmx³
1030 1487 1335 1585 annum)
1372 1495 1940 1566 traditinventum
1975 1496 2252 1566 minium
2283 1521 2324 1566 a
2353 1495 2563 1568 Callia

420 1588 856 1686 Atheniense',
893 1600 1082 1670 initio
1127 1616 1435 1696 sperante
1480 1627 1722 1672 aurum
1780 1627 1973 1698 posse
2031 1605 2308 1698 excoqui
2357 1628 2562 1674 arena

422 1707 703 1776 rubente
738 1707 803 1774 in
840 1705 1123 1778 metallis
1178 1711 1437 1802 argenti
1477 1735 1494 1777 :
1533 1709 1710 1779 hanc
1767 1707 1971 1779 fuisse
2023 1711 2348 1804 originem
2397 1709 2558 1804 ejus.

420 1813 726 1906 Reperiri
763 1826 987 1882 autem
1022 1813 1161 1907 jam
1198 1828 1340 1884 tum
1376 1817 1445 1910 in
1480 1816 1802 1910 Hispania
1822 1804 1869 1903 ⁴,
1907 1814 2022 1884 sed
2053 1814 2293 1884 durum
2323 1831 2390 1886 et
2421 1840 2564 1886 are-

418 1943 655 1988 nosum
688 1943 705 1986 :
739 1920 895 1988 item
917 1919 1097 2014 apud
1120 1918 1411 1990 Colchos
1438 1923 1506 1989 in
1547 1945 1714 2016 rupe
1746 1919 2036 2014 quadam
2073 1921 2402 1990 inaccessa
2421 1971 2441 2006 ,
2474 1947 2558 1991 ex

384 2049 549 2120 ‚qua
583 2023 956 2119 jaculantes
997 2025 1387 2095 decutere-nt
1420 2052 1435 2095 ε
1485 2026 1550 2095 id
1585 2051 1726 2096 esse
1761 2024 2135 2094 adulterum
2175 2051 2189 2093 :
2229 2029 2556 2122 optimum

419 2155 581 2201 vero
610 2156 811 2227 supra
840 2132 1181 2227 Ephesum
1216 2115 1565 2203 Cilbianis⁵
1594 2135 1791 2227 agris.
1829 2133 2118 2201 Arenam
2155 2133 2339 2202 cocci
2377 2131 2556 2204 colo·

416 2300 572 2376 ὁπως
613 2315 697 2368 τὸν
744 2309 1142 2398 οέιαμῢιΰσοντα
1185 2315 1445 2382 χρίσαντες
1536 2309 1793 2364 duntaxat
1815 2308 1974 2364 CCX
1972 2309 2118 2362 LIX.
2142 2311 2329 2382 Itaque
2352 2323 2558 2364 mutere

413 2393 729 2466 κινναέάριι,
760 2400 811 2446 Η
850 2394 935 2447 καὶ
963 2385 1238 2463 amoventis
1274 2387 1334 2444 δὲ
1367 2390 1444 2462 ἐφ’
1537 2389 1828 2463 quidquam
1859 2401 1952 2442 aut
1979 2389 2247 2454 Plinium,
2273 2391 2422 2444 libris
2445 2392 2560 2462 ejus

416 2473 639 2544 ἅρματος
674 2475 835 2534 leuen.
884 2497 908 2520 ι
938 2469 1229 2538 Quomodo
1253 2473 1445 2524 trium-
1529 2469 1741 2534 invitis,
1769 2468 1888 2523 falsi
1926 2487 2214 2540 coarguere
2253 2470 2312 2523 in
2350 2471 2558 2524 ratione
2599 2464 2606 2472 ’

412 2554 701 2625 phaturum
730 2552 996 2606 illineutes
1020 2551 1219 2616 minio,
1255 2551 1339 2603 vel
1370 2551 1439 2604 si·
1533 2562 1837 2620 temporum
1897 2567 2010 2602 non
2067 2547 2344 2604 audemus.
2399 2549 2558 2604 Hune

413 2631 723 2703 nopide,in
753 2649 973 2684 currum
1001 2631 1330 2702 imponant.-
1362 2631 1433 2684 H.
1524 2629 1707 2682 locum
1769 2639 2094 2700 proponere
2153 2629 2403 2684 emendat
2460 2629 2562 2684 Ca·

496 2713 552 2767 3.
592 2711 900 2782 AEelu'opum.
944 2710 1130 2765 Simile
1164 2723 1242 2764 est
1290 2709 1439 2782 quod
1527 2707 1678 2762 nauh.
1720 2709 1776 2761 in
1801 2707 2078 2780 Theophr.
2113 2709 2274 2764 Char.
2303 2729 2426 2781 pag.
2464 2727 2554 2780 17.

414 2789 485 2845 de
548 2791 746 2846 Gothis
788 2791 955 2844 refert
1004 2787 1195 2842 Isidor.
1247 2789 1435 2861 Origg.

414 2871 575 2937 XIX,
610 2870 677 2925 23
705 2892 719 2924 ε
755 2895 781 2919 ι
808 2869 1095 2923 Nonnullae
1125 2871 1285 2922 etiam
1314 2887 1439 2938 gen-

414 2939 628 3005 ten'non
658 2951 833 3004 solum
863 2950 919 3002 in
950 2949 1216 3014 vestibus,
1253 2947 1347 3001 sed
1382 2961 1437 3002 et

1527 2788 1596 2842 H.
1623 2819 1704 2830 —
1727 2787 2031 2842 CCXLIX.
2063 2787 2150 2843 Sic
2169 2788 2254 2842 ed.
2283 2789 2552 2861 princeps.

1526 2867 1674 2923 Brot.
1741 2881 1862 2940 post
1921 2869 2216 2922 Barbarum
2276 2867 2554 2934 emendat,

1528 2947 1880 3002 CCCXLIX.
1905 2947 2009 3002 En.

416 3030 471 3084 in
497 3048 725 3102 corpore
750 3030 927 3100 aliqua
948 3028 1050 3082 sibi
1070 3028 1288 3101 propria
1311 3046 1437 3099 qua-

412 3111 457 3164 si
498 3110 727 3180 insignia
766 3107 1071 3173 vindicant,
1108 3121 1172 3162 ut
1194 3105 1439 3162 videmus

412 3189 581 3244 cirros
633 3189 1024 3243 Germanorum
1042 3226 1059 3253 ‚
1134 3206 1329 3260 granos
1385 3201 1439 3244 et

412 3266 671 3324 cinnab‘ar
685 3268 1009 3322 Gothorum.
1038 3293 1060 3316 n
1090 3269 1278 3321 Haut).

492 3343 781 3402 XXXVII.
818 3367 863 3402 ι.
908 3349 1277 3419 Theophrastus.
1310 3347 1439 3402 Hac

412 3427 691 3500 Theophr.
729 3429 823 3482 lib.
856 3429 968 3500 περὶ
990 3429 1156 3491 λίθων,
1180 3446 1303 3500 pag.
1335 3446 1400 3480 12
1423 3465 1441 3492 ,

412 3527 531 3580 quo
552 3509 659 3562 hoc
685 3508 857 3580 cupite
883 3509 951 3577 37
972 3520 1087 3562 toto
1106 3508 1444 3562 continentur

414 3587 637 3643 totidem
662 3589 857 3642 verbis·
880 3589 1063 3642 Hann.

498 3689 552 3723 ι.
578 3669 712 3722 Ante
722 3669 1039 3720 Praxibulum
1058 3666 1429 3720 Atheniensium.

413 3747 704 3803 Praxibulo
727 3747 958 3801 Atheni·
974 3745 1245 3816 rempubl.
1265 3741 1437 3796 admi·

412 3829 687 3882 nistrante.
716 3829 918 3881 Dauo.
956 3855 1035 3868 --
1070 3824 1435 3894 Magium-atum.

413 3889 690 3962 Archofita
714 3904 1139 3962 Atheniensium.
1173 3901 1355 3956 Han).

496 3987 549 4041 3.
583 3985 887 4041 CCXLIX.
918 3985 980 4038 In
1008 3982 1161 4038 libris
1176 3981 1335 4037 editis
1356 3993 1436 4036 at-

412 4085 517 4139 que
566 4064 704 4119 adeo
744 4083 907 4120 manu
946 4063 1171 4119 exaratis
1192 4102 1209 4129 ,
1243 4062 1438 4135 legitur

1611 3033 1664 3092 4.
1683 3029 1904 3099 Reperio-i
1925 3040 2085 3080 autem
2101 3029 2208 3098 jam
2239 3039 2337 3080 tum
2373 3030 2424 3079 in
2455 3027 2556 3078 Ha·-

1525 3111 1716 3179 spam‘a.
1743 3109 2099 3178 Theophrast.
2135 3106 2240 3159 loc.
2271 3107 2358 3160 cit.
2389 3107 2552 3159 Αὐτο-

1527 3189 1637 3260 quic
1662 3189 1748 3258 μὶν
1778 3191 1834 3242 τὸ
1861 3188 1972 3256 πιρὶ
1997 3179 2190 3254 Ῑὸηρίαν
2211 3186 2412 3254 σκληρὸν
2432 3182 2555 3254 σφό-

1527 3263 1630 3339 δρα.
1658 3267 1742 3320 καὶ
1781 3261 2004 3325 lubido:-
2057 3261 2219 3328 Quod
2267 3261 2336 3315 de
2377 3262 2554 3316 Iberia

1503 3345 1778 3401 *Colchica
1833 3343 2203 3413 Dalecampiue
2268 3359 2553 3414 perperam

1527 3424 1740 3496 accipit.
1769 3453 1846 3466 --
1870 3423 2088 3493 Reperire·
2097 3461 2114 3486 ,
2147 3433 2248 3476 etc.
2283 3423 2368 3475 Sic
2390 3421 2552 3475 etiam

1527 3503 1656 3556 libri
1696 3501 1850 3557 MSS.
1891 3500 2040 3568 Quid
2087 3501 2128 3553 si
2179 3519 2343 3572 porro
2376 3501 2552 3573 legas,

1534 3609 1557 3632 ι
1579 3580 1820 3654 Reperiri
1861 3594 2040 3635 eutem
2077 3581 2316 3634 nativum
2357 3581 2414 3634 in
2453 3581 2552 3634 ffi-

1525 3662 1709 3733 epnuia
1737 3687 1760 3709 ι
1782 3659 1806 3712 i’
1831 3661 2106 3733 Theophr.
2153 3662 2296 3714 enim
2327 3659 2438 3733 πιρὶ
2477 3661 2552 3716 λί-

1525 3745 1638 3805 em,
1653 3741 1895 3811 Δύτοφυὶς
1911 3780 1928 3806 ,
1949 3740 2149 3812 inquit.
2173 3753 2275 3794 etc.
2302 3741 2484 3794 Han.

1609 3821 1661 3875 5.
1703 3821 1959 3876 Cc'lbianis.
2001 3821 2218 3874 Dictum
2259 3819 2327 3874 de
2369 3820 2451 3875 his
2478 3820 2552 3886 V,

1528 3901 1974 3968 81.Vitruv.VII‚
1993 3901 2046 3966 8,
2069 3920 2124 3973 p.
2155 3905 2260 3964 140
2287 3917 2301 3952 ε
2331 3901 2548 3972 «Ingre-

1525 3980 1643 4036 diar
1682 4000 1828 4036 nunc
1867 3981 2022 4036 minii
2059 3980 2294 4034 rationes
2327 3981 2552 4052 explica·

1525 4079 1602 4116 re.
1627 4087 1648 4110 ι
1683 4060 1750 4116 ld
1779 4075 1958 4118 autem
1981 4083 2004 4107 ι
2031 4061 2169 4131 agria
2190 4059 2546 4131 Ephesiorum
