2975 4684
990 388 1298 455 LIBER
1345 388 1743 457 XXXVII.

320 502 538 601 tiua⁶⁷3
593 530 902 611 totusque
947 516 1142 587 unius
1195 518 1322 587 diei
1333 503 1385 542 ⁶⁸

2292 384 2431 483 593

1425 532 1781 614 apparatus
1834 531 2005 586 esset
2050 540 2089 585 e
2144 519 2431 588 succino.

318 623 684 691 Maximum
729 621 990 717 pondus
1033 624 1088 691 is
1135 619 1340 717 glebae
1373 623 1593 694 attulit
1620 647 1757 700 1111
1798 620 2110 691 librarum
2128 607 2201 689 ⁶⁹.
2233 625 2435 693 Nasci

319 730 482 821 etin
516 728 704 797 India
735 743 986 797 certum
1017 728 1196 797 est⁷⁰.
1227 728 1675 815 Archelaus⁷¹,
1706 716 1819 821 qui
1846 731 2147 822 regnavit
2171 730 2239 797 in
2270 731 2433 823 Cap-

320 832 598 927 padocia
619 886 638 918 ,
687 831 861 904 illinc
919 834 1114 927 pin'eo
1162 832 1470 905 cortice⁷²
1522 835 1877 904 inhaerente
1904 841 1919 856 ⁶
1938 833 2137 903 tradit
2196 834 2435 905 adxiehi

317 1086 485 1139 bullo.
513 1085 732 1139 Retibus
767 1098 940 1139 totum
967 1086 1338 1156 amphitheatri

229 1210 236 1217 .
317 1164 544 1235 podium
562 1164 986 1235 pmtendebatur
1002 1164 1069 1217 ad
1087 1164 1342 1219 arcendas

321 1244 474 1297 feras.
501 1242 669 1298 Sam.
687 1275 766 1287 —-
789 1245 1012 1296 Pedium.
1043 1244 1106 1295 In
1133 1244 1337 1297 theatro

319 1323 628 1376 Meuianum
646 1322 862 1385 ,locum
891 1320 960 1373 ad
990 1320 1337 1392 spectandum

321 1400 599 1464 idoneum,
617 1402 766 1470 cujus
780 1418 904 1470 pars
921 1402 1080 1471 magis
1096 1413 1340 1470 provecta

317 1482 558 1549 pulpitum
596 1477 795 1543 dicitur
831 1498 842 1527 ε
895 1503 918 1525 c
955 1479 1132 1542 Nero,
1169 1478 1344 1548 inquit

325 1556 610 1611 Suetonius
620 1594 637 1620 ,
653 1574 870 1627 perraro
885 1555 1028 1609 ludis
1045 1556 1342 1625 presidere,

324 1647 574 1689 enter-um
606 1635 866 1687 accubans
903 1634 1135 1704 primum
1167 1635 1342 1705 parvis

323 1712 676 1768 foraminibus
689 1748 706 1773 ,
731 1711 926 1766 deinde
945 1725 1055 1765 toto
1069 1710 1238 1783 podio
1255 1711 1343 1766 ad·

321 1804 507 1865 aperto
529 1805 765 1863 spectare
787 1805 1144 1845 consueverat.
1163 1817 1186 1839 ι
1202 1793 1339 1845 Dat..

325 1906 406 1917 --
421 1871 644 1925 Pedium.
667 1871 947 1924 Orchestra
964 1909 980 1935 ,
999 1872 1055 1922 in
1071 1889 1178 1941 qua
1196 1882 1345 1923 erant

325 1964 625 2005 senatorum
669 1949 934 2021 designata
977 1950 1119 2013 loca,
1163 1950 1342 2003 Roma!

325 2032 466 2083 inter
497 2047 692 2081 cuneos
732 2042 785 2081 et
826 2044 1032 2080 scenam
1069 2028 1344 2097 interjecta

325 2123 466 2176 erat,
494 2106 762 2180 preducta
787 2125 939 2159 muro
959 2104 1148 2177 pedem
1175 2125 1341 2159 unum

321 2189 433 2243 alto
448 2226 464 2253 ,
487 2186 630 2258 quod
659 2185 880 2257 podium
908 2182 1182 2239 dicebatur
1207 2204 1222 2237 ε
1247 2185 1342 2255 qui

327 2284 511 2319 murus
555 2266 814 2319 columnis
859 2278 964 2317 tres
1015 2262 1174 2335 pedes
1223 2263 1342 2317 altis

328 2346 633 2408 ornabatur,
671 2343 866 2414 quibus
903 2355 1224 2412 spectatores
1259 2341 1344 2394 in-

331 2423 433 2476 niti
475 2416 703 2493 possent.
743 2422 872 2474 Erat
914 2422 1176 2475 orchestra
1230 2439 1346 2490 gra·

327 2500 496 2555 duum
530 2512 755 2573 quatuor
780 2514 870 2553 aut
897 2501 1129 2571 quinque
1147 2536 1163 2562 ,
1185 2498 1346 2568 longa

235 2620 241 2627 -
329 2580 606 2635 dimidiam
647 2598 813 2634 sccnae
862 2593 1082 2650 partem.
1138 2577 1346 2630 Gradus

330 2660 611 2713 orchestra:
649 2658 990 2729 dignissimus
1035 2658 1174 2711 imus
1214 2657 1347 2721 fuit,

330 2736 494 2810 podio
515 2739 816 2809 proximus,
841 2750 895 2789 et
918 2755 1101 2791 scena.
1123 2737 1155 2787 J
1161 2752 1350 2789 uvena-

332 2818 423 2876 lis,
469 2818 653 2886 Satyra
696 2817 780 2878 11,
819 2834 976 2868 versu
1019 2813 1124 2877 145
1175 2832 1187 2865 :
1227 2839 1250 2861 ι
1279 2814 1348 2865 Et

335 2894 647 2964 Capitolinis
676 2894 996 2963 generosior,
1033 2905 1086 2945 et
1122 2892 1348 2943 Marcel-

331 2974 398 3029 lis
412 3013 428 3039 ,
449 2974 518 3026 Et
534 2972 709 3027 Catuli
725 3009 744 3037 ,
760 2971 1012 3042 Paulique
1035 2970 1350 3035 minoribus,

335 3066 388 3106 et
421 3052 622 3113 Fabiis,
653 3062 706 3104 et
732 3050 998 3104 Omnibus
1030 3048 1099 3114 ad
1125 3048 1349 3121 podium

329 3131 690 3204 spectantibus
720 3129 843 3182 :bis
874 3130 996 3184 licet
1027 3130 1202 3199 ipsum
1236 3128 1346 3181 Ad-

335 3229 584 3276 moveas,
619 3212 769 3281 cujus
803 3220 932 3263 tunc
968 3228 1186 3262 munere
1215 3207 1346 3261 retia

333 3290 496 3345 misit.
531 3313 552 3336 ι
587 3288 654 3342 Η.
695 3320 773 3329 -
795 3286 996 3340 Suco-ino
1039 3288 1342 3339 nodat-entur.

335 3371 424 3425 Sic
449 3368 606 3423 MSS.
630 3369 759 3440 Reg.
794 3388 854 3433 a,
878 3367 1032 3422 Colb.
1061 3366 1114 3432 3,
1133 3366 1343 3437 aliique.

333 3449 511 3502 Halm.

419 3532 512 3599 67.
536 3528 765 3579 Libitina.
785 3528 1082 3598 Apparatus
1094 3523 1348 3587 funebris,

337 3606 560 3667 feretra,
600 3604 914 3677 sandapila,
951 3617 1034 3669 ct,
1074 3616 1133 3657 ut
1177 3603 1351 3674 inquit

337 3685 620 3752 Martialis,
652 3684 935 3738 orcinianae
970 3681 1198 3755 spondas.
1243 3682 1349 3735 Pu·

335 3764 570 3836 gnaturis
615 3762 992 3835 gladiatoribus
1040 3764 1094 3815 in
1141 3779 1352 3813 arenam

337 3842 558 3895 libitina
575 3843 928 3897 instrumenta
949 3842 1272 3897 ferebantur,
1293 3852 1354 3893 ut

339 3919 658 3991 sandapila,
693 3936 745 3975 et
784 3922 939 3987 lecti,
976 3921 1084 3973 sive
1126 3918 1256 3982 tori,
1295 3932 1354 3971 ut

341 4000 540 4055 mortui
548 3999 1352 4071 protinusefferrentur.Portam

493 4098 614 4165 IX.

1423 1105 1551 1140 vero
1593 1104 1697 1157 qua
1734 1086 2111 1151 evehebantur,
2148 1086 2206 1137 in
2240 1086 2439 1157 amphi-

1423 1166 1629 1219 theatro
1640 1164 2021 1219 Libitinensem
2036 1162 2155 1217 ideo
2168 1167 2438 1219 vocabant.

1425 1244 1799 1309 Quintilianus,
1816 1270 1838 1291 ι
1856 1243 2122 1296 Sonabant
2138 1244 2284 1296 ferali
2304 1246 2441 1297 clan-

1427 1342 1551 1395 gore
1580 1323 1751 1387 tubae,
1780 1322 2040 1393 illatisque
2070 1322 2289 1375 libitinae
2316 1322 2441 1375 toris

1427 1401 1720 1453 ducebatur
1763 1400 1919 1452 sunus
1966 1412 2093 1452 ante
2142 1413 2383 1454 mortem.
2411 1424 2433 1445 a

1426 1481 1666 1531 ersxus.
1690 1510 1767 1521 -·
1789 1480 1842 1531 E
1845 1492 1867 1529 t
1892 1480 2097 1531 libitina.
2128 1480 2317 1532 Lectus
2338 1497 2444 1549 quo

1426 1557 1738 1628 gladiatores
1768 1557 1822 1609 iu
1860 1576 2016 1610 arena
2042 1558 2239 1612 mortui
2273 1558 2445 1610 statim

1431 1636 1807 1701 efferebantur,
1852 1636 2083 1689 Libitina
2125 1636 2400 1689 dicebatur
2428 1656 2441 1686 z

1430 1715 1679 1787 quoniam
1713 1714 1770 1765 iu
1800 1712 1910 1767 aide
1942 1714 2189 1768 Libitinae
2216 1714 2327 1767 dete
2354 1732 2450 1784 pa-

1428 1804 1675 1845 rarentur
1694 1794 1872 1846 omnia
1900 1795 2181 1847 necessaria
2208 1792 2275 1846 ad
2302 1794 2449 1847 fune-

1431 1872 1580 1925 brem
1603 1885 1925 1943 apparatum.
1952 1870 2216 1937 Horatius,
2232 1874 2324 1925 lib.
2346 1872 2448 1937 111,

1428 1950 1518 2003 od.
1544 1952 1639 2003 ult.
1674 1977 1695 1999 ι
1722 1950 2007 2019 Multaque
2027 1969 2151 2021 pars
2174 1952 2278 2004 mei
2296 1950 2447 2003 Vita·

1425 2030 1507 2082 bit
1524 2030 1827 2082 Libitinam.
1848 2054 1871 2076 a·
1902 2030 2087 2081 Ham).

1507 2110 1597 2163 68.
1630 2110 1878 2179 ,rotasque
1900 2111 2040 2161 unius
2059 2108 2172 2161 diei.
2201 2106 2443 2167 Solinus,

1427 2205 1544 2258 cap.
1574 2206 1667 2253 xx,
1687 2203 1808 2257 pag.
1836 2193 1923 2251 4ο.
1946 2186 2129 2241 ΗΑιιι).

1510 2270 1599 2334 69.
1632 2266 1960 2319 Maximum...
1994 2270 2035 2317 is
2072 2266 2233 2335 gleboe
2283 2264 2449 2317 attulit

1428 2346 1576 2397 XIII
1598 2344 1845 2397 librarum.
1878 2346 1994 2397 Hoc
2021 2358 2127 2409 est,
2155 2345 2337 2397 Solino
2362 2346 2449 2396 in-

1431 2436 1692 2493 terprete,
1751 2424 1853 2475 loc.
1913 2424 2003 2477 cit.
2057 2441 2165 2475 1111
2221 2422 2451 2475 millium

1428 2498 1707 2553 librarum.
1764 2502 1987 2555 Massam
2049 2502 2249 2555 succini
2311 2520 2447 2572 equo

1432 2581 1687 2650 majorem
1717 2578 1785 2631 ad
1810 2580 1955 2632 littus
1971 2580 2318 2633 Schetlandiae
2348 2600 2444 2651 ap-

1419 2658 1627 2730 ·pulisse
1665 2656 1949 2727 aliquando
1975 2658 2213 2728 prodidit
2251 2660 2449 2713 Hector

1433 2736 1675 2797 Boetius,
1700 2735 1756 2786 in
1786 2736 1923 2788 nist.
1959 2736 2257 2791 Scotorum.
2296 2738 2363 2789 H.

1517 2834 1606 2883 70.
1634 2815 1788 2867 Nasci
1814 2826 1861 2865 et
1897 2816 1947 2865 in
1983 2815 2129 2865 India
2162 2828 2337 2867 certum
2361 2820 2447 2867 e'st.

1434 2893 1683 2947 Fortassis
1704 2891 1867 2944 Indiae
1883 2892 2119 2945 Tartaria
2145 2894 2448 2963 septentrio-

1431 2972 1556 3027 nali.
1598 2972 1799 3023 Daue.
1833 3004 1912 3014 —-
1940 2972 2095 3025 Nasci
2120 2982 2167 3021 et
2200 2974 2249 3021 in
2286 2972 2447 3024 India.

1435 3052 1671 3114 Solinus,
1701 3069 1815 3120 cap.
1851 3070 1949 3115 xx,
1975 3068 2093 3121 pag.
2130 3055 2223 3113 4¹3
2248 3048 2449 3105 Ctesias

1435 3131 1491 3181 in
1510 3128 1729 3192 Indicis,
1752 3128 1893 3199 apud
1912 3129 2159 3182 Photium
2174 3167 2190 3195 ,
2212 3128 2333 3184 cod.
2358 3129 2448 3200 73,

1433 3228 1553 3280 pag.
1591 3208 1716 3260 152.
1748 3206 1931 3262 Hnm.

1516 3305 1608 3357 71.
1638 3279 1923 3340 Archelaml
1961 3288 2121 3358 Cujus
2146 3305 2365 3358 regnum
2392 3286 2449 3337 in

1435 3367 1659 3419 formam
1675 3366 1959 3437 provincia
1966 3366 2216 3419 Tiberius
2228 3364 2449 3434 redegit,

1437 3458 1499 3499 ut
1518 3444 1799 3499 Suetonius
1816 3444 2084 3515 prodidit,
2105 3464 2151 3497 c.
2177 3462 2355 3498 xxxvi.
2376 3442 2446 3494 Η.

1518 3544 1549 3595 7
1561 3543 1611 3576 a.
1635 3525 1787 3577 Pineo
1802 3529 1989 3579 cortice.
2005 3526 2206 3577 Vocem
2223 3528 2365 3591 pineo
2385 3538 2449 3572 ex

1436 3602 1589 3656 MSS.
1610 3602 1923 3658 addidimus.
1938 3604 2147 3657 Solinus
2165 3600 2450 3671 paraphra-

1435 3695 1565 3759 stes,
1592 3700 1707 3754 cap.
1728 3702 1819 3747 xx,
1849 3700 1967 3752 pag.
1998 3686 2089 3744 41,
2107 3678 2173 3731 de
2199 3678 2409 3730 succino
2430 3697 2443 3727 ε

1443 3788 1467 3809 ιι
1501 3759 1653 3815 Rude
1680 3762 1911 3831 primum
1942 3758 2173 3811 nascitur
2205 3768 2255 3808 et
2290 3754 2450 3809 corti-

1438 3860 1615 3895 cosum
1634 3879 1649 3907 ,
1677 3838 1873 3893 deinde
1899 3838 2165 3889 incoctum
2192 3833 2345 3906 adipe
2374 3834 2451 3887 la-

1439 3920 1627 3973 ctentis
1676 3920 1783 3973 suis
1838 3914 2121 3988 expolitur,
2171 3912 2235 3966 ad
2292 3932 2451 3987 quem

1440 3997 1681 4053 vide-us
1704 3998 1954 4051 nitorem.
1988 4019 2011 4041 ι
2040 3993 2220 4047 Ham).

2123 4088 2213 4159 38
