2975 4684
1074 377 1386 443 LIBER
1443 324 1760 443 xxxv.

2351 398 2483 471 297

388 510 765 579 chromatea
832 508 1102 601 genet-21²
1151 509 1424 637 picturae
1477 506 1895 591 vocaverint,
1932 505 2045 598 qui
2111 504 2379 590 deinde,
2426 522 2491 575 et

386 638 528 709 quae
554 614 789 708 quibus
819 600 1264 707 temporibus³
1297 612 1700 697 invenerint,
1727 609 2074 679 dicemus
2058 634 2123 677 ιιι
2161 613 2490 680 mentione

387 719 708 789 artificum
726 768 746 800 ,
768 720 1074 812 quoniam
1104 718 1394 786 indicare
1427 731 1696 784 naturas
1725 714 2052 800 colorum,
2096 738 2292 785 causa
2322 719 2494 786 insti·

388 826 512 893 tuti
553 824 769 918 operis
807 826 992 961 prior
1023 838 1138 893 est.
1185 822 1479 893 Tandem.
1514 846 1583 891 se
1618 846 1723 890 ars
1760 822 1900 915 ipsa
1940 820 2270 908 distinxit,
2306 836 2371 890 et
2402 825 2493 890 in-

391 930 571 997 venit
620 916 880 997 Ιιιιιιιιιι4
916 943 1110 1059 aitque⁵
1152 930 1453 1012 umbraS,
1501 926 1869 996 differentia
1910 924 2203 995 colorum
2246 926 2495 996 alterna

388 1036 533 1102 vice
575 1058 716 1103 sese
753 1020 1130 1103 excitanteffi
1165 1034 1424 1104 Deinde
1463 1033 1756 1126 adjectus
1792 1044 1891 1100 est
1930 1017 2297 1125 splendor,
2329 1032 2493 1102 alius

387 1138 497 1207 hic
529 1164 726 1233 quam
758 1138 1016 1209 lumen⁹
1043 1164 1281 1233 :quem
1316 1142 1468 1233 quia
1505 1140 1678 1209 inter
1710 1136 1840 1206 hoc
1868 1148 1935 1204 et
1961 1136 2263 1204 umbram
2296 1154 2496 1223 esset,

387 1242 882 1337 appellaverunt
906 1260 1156 1314 ιοιιοιι.
1185 1230 1667 1314 commissuras⁸
1692 1266 1851 1311 vero
1881 1239 2179 1310 colorum
2209 1256 2274 1309 et
2296 1257 2500 1312 trans·

387 1349 516 1416 itus
535 1401 554 1434 ,
596 1350 978 1441 harmogen.

471 1558 522 1591 a.
569 1539 988 1591 Monochromatea
1037 1558 1234 1608 genera.
1273 1540 1397 1592 Haec

385 1634 579 1687 genera
597 1618 892 1669 tabularum
917 1634 1030 1669 uno
1054 1616 1230 1669 colore
1256 1618 1397 1688 picta

388 1694 548 1748 nobis
559 1694 722 1747 hodie
732 1694 1003 1759 dicuntur,
1015 1700 1279 1749 camaiemv.
1293 1697 1396 1749 En.

473 1772 526 1825 3.
556 1775 632 1825 Ee
658 1792 764 1844 qm
789 1774 954 1844 quihus
976 1775 1281 1843 temporibus,
1297 1789 1398 1828 etc.

389 1850 598 1905 Broter.
641 1870 706 1903 ex
747 1854 912 1923 Regg.
957 1851 1119 1905 codd.
1167 1866 1222 1906 et
1267 1852 1395 1907 edit.

389 1930 631 2002 principe
646 1968 662 1992 ,
693 1942 742 1981 et
767 1950 874 2002 qeeoe
905 1935 1180 1997 &vener-int,
1221 1944 1272 1984 ce
1291 1936 1399 2004 qui·-

389 2008 475 2061 bus
498 2008 794 2079 temporibus.
823 2010 926 2062 En.

470 2094 524 2152 4.
540 2090 732 2140 Lumen.
753 2089 876 2141 Hoc
895 2089 1112 2160 propria
1129 2088 1394 2158 pictorum

388 2168 676 2231 vocabula3
706 2167 966 2238 opacitas,
1005 2183 1123 2238 qum
1162 2180 1277 2222 atro
1307 2186 1399 2220 co·

389 2244 501 2298 lore
523 2246 765 2310 efficitur,
791 2248 1009 2299 umbra:
1029 2246 1253 2311 claritas,
1278 2266 1398 2317 quse

387 2322 616 2379 candido
647 2325 825 2378 coloro
856 2336 1157 2396 praestatur,
1197 2326 1394 2377 lumen.

391 2402 526 2455 Du..
551 2436 629 2445 -—-
651 2403 818 2456 Nobis
845 2422 1076 2475 quoque,
1102 2404 1170 2455 les
1195 2404 1396 2469 ombres,

392 2480 444 2532 Ia
471 2482 676 2534 Ιωηίὲνε.
704 2482 807 2534 En.

473 2560 523 2614 5.
544 2561 840 2628 Differ-entia
851 2562 1060 2613 colorum
1081 2562 1268 2613 alterna
1287 2565 1396 2613 vice

388 2656 487 2691 sese
531 2644 784 2692 excitante.
841 2640 1071 2693 Diversis
1125 2640 1397 2693 coloribus

387 2717 684 2772 alternatim
701 2737 757 2770 se
779 2718 1151 2771 excitantibus.
1173 2718 1267 2771 His
1281 2736 1400 2771 ver-

391 2794 479 2847 bis
512 2798 682 2866 signat
717 2814 772 2848 so
810 2798 916 2866 jam
951 2815 1062 2849 non
1103 2795 1172 2849 de
1205 2815 1398 2849 mono·

388 2872 671 2926 chromatis
695 2874 914 2943 picturis
943 2874 1169 2945 amplius
1205 2891 1360 2945 agere
1381 2912 1398 2939 ,

391 2948 484 3003 sed
505 2950 574 3003 de
594 2952 1018 3019 polychromatis.
1046 2950 1204 3018 Quod
1223 2953 1400 3005 Latini

391 3030 541 3083 aiunt
561 3068 576 3093 ,
603 3030 804 3081 umbris
839 3031 894 3083 iu
930 3031 1128 3101 pictura
1161 3032 1399 3084 colorum

391 3107 685 3161 claritatem
715 3109 922 3162 excitari
938 3145 952 3166 ‚
989 3108 1130 3162 Galli
1160 3110 1236 3163 sic
1275 3109 1398 3163 red-

391 3184 529 3239 dunt
555 3204 570 3238 :
609 3188 676 3237 les
699 3188 878 3238 ambr-ee
911 3188 1060 3239 d'eme
1080 3192 1297 3257 peinture
1323 3209 1397 3241 η-

391 3268 614 3317 hument
637 3266 806 3317 l'e'elae
823 3267 904 3319 des
930 3268 1158 3319 contem.
1181 3267 1364 3321 Ham).

473 3348 526 3397 6.
552 3344 804 3414 Splendor.
827 3346 1034 3399 Coloris
1054 3346 1208 3416 vigor
1233 3364 1246 3397 :
1269 3362 1400 3417 gm-

339 3435 347 3445 '
392 3438 456 3476 ce
485 3426 637 3484 τόνος.
663 3424 756 3476 Est
787 3426 928 3479 enim
952 3424 1009 3477 in
1036 3424 1282 3478 omnibus
1307 3444 1397 3477 co-

391 3500 596 3555 loribus
619 3504 841 3572 languor
852 3503 1069 3576 quidam
1087 3504 1144 3556 in
1157 3500 1366 3557 defectu
1380 3544 1396 3567 ,

389 3580 474 3631 cui
504 3580 781 3652 oppositus
803 3596 882 3637 est
911 3584 1080 3654 vigor,
1109 3581 1304 3635 feriens
1335 3600 1398 3635 ac

389 3660 676 3727 percellens
717 3662 898 3715 oculos
923 3661 1212 3715 acrimonia
1251 3658 1394 3713 colo-

389 3737 476 3789 ris.
503 3740 550 3790 A
571 3739 688 3792 luce
709 3750 762 3791 et
783 3740 960 3793 colore
982 3740 1270 3811 plurimum
1295 3738 1398 3791 dif-

393 3814 510 3867 fert.
549 3818 682 3870 Nam
731 3836 896 3887 quum
941 3819 1033 3871 lux
1083 3817 1396 3872 conficiatur

392 3891 542 3955 albo,
577 3894 666 3948 hic
701 3898 764 3949 lit
805 3916 902 3951 suo
944 3915 1136 3968 genere
1173 3897 1392 3957 coloris,

395 3969 550 4023 etiam
573 3972 626 4025 in
654 3976 1099 4031 monochromatis
1123 3976 1390 4047 picturis·

1491 1540 1545 1590 in
1572 1538 1751 1591 rubris
1776 1538 1967 1597 rubro,
1996 1538 2054 1589 in
2079 1536 2313 1589 ceruleis
2331 1554 2469 1589 earu

1488 1617 1590 1670 leo.
1615 1618 1731 1669 Nec
1750 1627 1927 1669 tamen
1940 1616 2164 1668 rubrum
2180 1626 2384 1668 tantum
2404 1626 2500 1680 est,

1489 1708 1580 1748 aut
1600 1695 1883 1749 cieruleum
1910 1712 1924 1745 ε
1950 1694 2041 1747 sed
2069 1694 2227 1763 hujus
2254 1693 2503 1763 illiusque

1489 1772 1765 1844 quoddam
1795 1771 1961 1824 veluti
2003 1772 2303 1843 fastigium,
2336 1790 2501 1843 quum

1466 1852 1715 1906 ·validius
1740 1850 2107 1915 intenduntur,
2150 1863 2507 1921 vegetamque

1486 1932 1747 2003 fulgorem
1792 1929 2073 1999 accipiunt.
2127 1930 2301 1999 Atque
2366 1926 2502 1981 illud

1487 2009 1593 2063 fnit
1619 2021 1739 2080 post
1772 2009 1981 2061 nativos
2010 2008 2216 2060 colores
2252 2006 2467 2060 demum
2486 2047 2519 2087 a,

1484 2101 1607 2159 post
1632 2089 1803 2140 lucem
1826 2086 2179 2157 umbramque
2204 2087 2503 2148 inventum,

1486 2166 1737 2238 singulari
1752 2166 2155 2239 praparatione,
2177 2163 2505 2234 purificatio-

1485 2264 1584 2308 ne,
1606 2246 1892 2309 mixtione,
1913 2244 2173 2314 uniusque
2195 2262 2315 2295 cum
2339 2244 2503 2295 altero

1485 2326 1665 2377 colore
1700 2323 2013 2377 inductione
2056 2320 2297 2386 erudita,
2340 2340 2497 2391 quam

1487 2403 1817 2455 falsationem
1844 2402 2006 2471 vulgo
2034 2412 2238 2453 vocant.
2284 2402 2364 2453 Ita
2394 2401 2503 2452 fere

1487 2481 1812 2544 Schefferua,
1838 2481 1932 2531 lib.
1962 2479 2031 2532 de
2058 2482 2185 2532 Arte
2214 2476 2504 2550 pingendi,

1485 2577 1544 2630 p.
1594 2559 1725 2613 138.
1766 2560 1953 2611 Esau.

1570 2656 1625 2707 7.
1658 2640 1805 2690 Atim
1858 2638 1933 2687 hic
1975 2655 2116 2707 quam
2165 2637 2336 2687 lumen.
2382 2636 2503 2689 Non

1485 2716 1647 2787 igitur
1676 2715 1890 2768 luminis
1914 2715 2143 2767 intensio
2166 2729 2262 2780 est,
2284 2726 2346 2768 ut
2362 2713 2503 2767 Vos-

1485 2795 1568 2848 sio
1615 2794 1845 2864 placuit,
1888 2794 2157 2864 Junioque
2206 2813 2219 2844 :
2276 2794 2503 2846 maxime

1486 2892 1653 2944 quum
1680 2872 1857 2925 Plinio
1882 2882 2009 2924 teste
2031 2872 2257 2925 inter-lun
2272 2910 2287 2935 ,
2316 2871 2372 2923 id
2392 2884 2469 2923 est
2484 2911 2499 2937 ,

1485 2952 1626 3005 inter
1654 2952 1833 3004 lumen
1852 2988 1868 3014 ,
1899 2950 2198 3021 umbramque
2227 2954 2293 3001 sit
2317 2970 2336 3001 .·
2375 2966 2499 3001 nam

1486 3028 1633 3103 quod
1672 3042 1750 3083 est
1785 3030 1925 3082 inter
1958 3041 2268 3100 utrumque,
2315 3045 2378 3084 ex
2416 3026 2507 3083 his

1487 3111 1713 3163 alterum
1758 3126 1871 3161 ease
1906 3126 2018 3160 non
2054 3119 2263 3179 potest,
2302 3107 2509 3163 nedum·

1485 3188 1699 3241 alterius
1749 3188 2007 3251 intensio,
2050 3187 2163 3239 sive
2200 3188 2509 3240 incremen-.

1485 3280 1621 3321 tum.
1679 3265 1747 3319 H.
1790 3294 1870 3307 ·—·
1906 3266 2287 3334 Appellaoemne
2338 3279 2499 3319 eonon.

1486 3346 1833 3417 Nos'quoquo
1858 3342 2120 3410 dicimus,
2150 3346 2194 3397 le
2231 3358 2329 3397 ton.
2362 3346 2459 3399 nn.

1570 3426 1622 3479 8.
1662 3424 2025 3478 Commissums.
2054 3425 2320 3478 Incisuras
2349 3441 2503 3477 voca·

1486 3502 1565 3556 vit
1593 3503 1853 3568 xxxlll,
1876 3521 1991 3574 cap.
2012 3503 2186 3556 ultim.
2208 3521 2351 3555 nunc
2378 3519 2503 3553 cum

1485 3582 1685 3636 Grecis
1728 3583 1963 3653 ἁρμογήν.
2017 3582 2271 3635 Consistit
2316 3581 2371 3630 in
2434 3594 2500 3629 eo.

1480 3660 1595 3714 baec
1645 3662 2018 3725 commissura,
2044 3674 2128 3724 ‚ut
2173 3676 2308 3710 unus
2353 3656 2503 3708 color

1482 3758 1605 3793 cum
1649 3742 1817 3794 altero
1860 3750 1984 3811 apte
2024 3736 2405 3799 committatur,
2441 3742 2503 3785 ut

1483 3818 1735 3889 paulatim
1784 3820 2114 3877 minuantur,
2158 3813 2503 3873 misceantur-

1481 3915 1587 3969 que
1609 3898 1721 3961 sic,
1741 3910 1797 3951 ut
1812 3895 2035 3949 transire
2054 3910 2189 3944 unus
2202 3909 2257 3941 ιιι
2280 3890 2503 3942 alterum

1482 3977 1539 4029 in
1584 3938 1815 4029 conlinio
1867 3972 2129 4026 videatur.
2181 3966 2341 4033 Quod
2396 3968 2504 4023 nisi
