2975 4684
1012 399 1740 468 C.PL1N11NAT.
1795 402 2042 468 HIST.

484 516 983 628 leucophoron³
1044 531 1155 616 fit,
1204 530 1331 601 hoc
1376 545 1518 619 est,
1566 531 1890 626 glutinum
1931 535 2107 618 auri,
2147 551 2349 626 quum
2395 535 2582 609 indu-

484 643 657 710 citur
691 639 887 730 ligno.

590 746 842 812 XVIII.
868 713 1278 810 Paraetonion
1306 764 1551 809 nomen
1574 739 1702 811 loci
1726 742 1924 810 habet
1943 766 2023 810 ex
2051 742 2410 837 AEgypto¹:
2441 769 2592 839 spu-

432 854 453 874 *
482 874 659 920 mam
692 849 889 916 maris
924 870 1065 915 esse
1099 846 1325 916 dicunt
1360 844 1700 914 solidatam
1739 872 1888 917 cum
1927 845 2129 915 limo.
2160 862 2227 916 et
2258 847 2403 916 ideo
2430 875 2588 919 con-

486 957 626 1025 chae
678 955 945 1024 minutae
980 953 1403 1020 inveniuntur
1464 953 1534 1018 in
1581 975 1678 1020 eo.
1744 954 1847 1020 Fit
1884 966 1951 1020 et
1992 953 2061 1019 in
2103 953 2301 1021 Creta
2341 953 2590 1038 insula,

486 1075 682 1154 atque
710 1059 1000 1151 Cyrenis.
1036 1055 1459 1126 Adulteratur
1494 1059 1723 1126 Romae
1750 1069 1928 1126 creta
1951 1055 2259 1126 Cimolia²
2287 1057 2589 1146 decocta,

487 1166 1034 1300 conspissataque.
1053 1163 1341 1232 Pretium
1377 1163 1630 1256 optimo
1661 1163 1728 1229 in
1761 1161 1984 1257 pondo
2015 1187 2126 1230 sex
2155 1187 2223 1232 x.
2252 1149 2330 1231 1³.
2349 1165 2408 1230 E
2439 1189 2589 1232 can·

490 1257 691 1339 didis⁴
741 1266 1071 1338 coloribus
1117 1267 1651 1362 pinguissimum,
1695 1281 1762 1335 et
1797 1268 2085 1337 tectoriis
2107 1267 2590 1338 tenacissimum

494 1389 767 1470 propter
800 1373 1129 1441 laevorem.

593 1483 778 1549 x1x.
824 1477 1181 1548 Melinum¹
1228 1477 1580 1546 candidum
1626 1492 1693 1545 et
1731 1479 1944 1572 ipsum
1990 1493 2119 1564 est,
2161 1482 2482 1576 optimum
2517 1482 2584 1548 in

488 1583 908 1654 Meloinsula.
940 1587 1018 1652 In
1033 1585 1233 1654 Samo
1250 1607 1512 1676 quoque
1531 1585 1850 1662 nascitur:
1887 1582 2001 1652 sed
2025 1582 2141 1652 eo²
2162 1609 2296 1652 non
2315 1599 2588 1654 utuntur

486 399 619 471 302

486 1841 659 1894 greco
726 1818 1002 1889 usurpavit
1069 1819 1227 1872 etiam
1297 1818 1503 1871 Gellius

488 1901 585 1953 lib.
608 1899 740 1950 XIX
758 1937 773 1962 ,
799 1917 913 1968 cap.
950 1915 1015 1948 10
1034 1937 1049 1962 ,
1078 1911 1140 1950 nt
1165 1909 1219 1949 et
1247 1897 1502 1968 graecani-

488 1995 616 2030 cum
639 1977 734 2028 lib.
758 1975 1010 2031 XXXIV,
1043 1993 1153 2045 cap.
1186 1995 1240 2044 9.
1279 1976 1423 2028 Du..

570 2053 622 2108 3.
674 2043 1026 2124 Leucophom'n.
1069 2055 1155 2106 Sic
1195 2054 1345 2107 MSS.
1386 2071 1503 2105 om-

488 2152 615 2198 nes,
648 2133 884 2204 editique
905 2153 915 2182 :
947 2144 1057 2184 tum
1082 2134 1184 2185 hoc
1210 2133 1361 2196 loco,
1387 2145 1503 2185 tum

490 2213 761 2275 xxxm,
786 2231 871 2278 ao,
890 2225 1003 2264 tum
1032 2210 1249 2264 demum
1276 2211 1331 2264 in
1353 2209 1504 2264 Indi-

490 2311 549 2346 ce
578 2315 591 2344 ε
634 2293 825 2347 frustra
858 2289 1181 2363 quibusdam
1222 2291 1506 2363 chrysopho-

491 2393 578 2425 νυνι
606 2370 1037 2426 rescribentibus.
1061 2370 1243 2422 Hnn.

568 2451 774 2504 XVIII.
810 2468 857 2501 1.
889 2449 1200 2500 Paroetonion
1223 2467 1390 2500 nomen
1411 2449 1510 2504 loci

490 2531 631 2584 habet
649 2549 709 2580 ex
732 2529 974 2597 AEgrpto.
996 2528 1123 2580 Haec
1144 2526 1361 2580 totidem
1386 2545 1504 2580 ver-

489 2610 572 2662 bis
592 2608 898 2673 Vitruvius,
919 2607 1055 2672 VII,
1086 2625 1142 2676 7,
1168 2625 1225 2678 p.
1258 2605 1385 2674 139.
1425 2606 1506 2657 De

490 2686 799 2758 paratonio,
820 2687 895 2750 V,
946 2689 999 2740 6.
1043 2686 1165 2737 Non
1208 2683 1354 2738 aliud
1394 2698 1473 2738 est
1489 2725 1504 2749 ‚

490 2765 637 2836 quod
664 2767 716 2822 'm
737 2779 919 2819 nostro
936 2765 1039 2817 hoc
1061 2765 1193 2817 orbe
1210 2805 1226 2830 ,
1252 2777 1313 2817 ut
1336 2765 1393 2816 in
1413 2764 1507 2816 Sa-

491 2848 647 2899 xonia
666 2845 951 2908 invenitur,
975 2857 1025 2896 et
1044 2844 1393 2914 paretonium
1412 2861 1506 2914 ap-

490 2926 717 2996 pellatur
748 2943 760 2976 :
809 2935 951 2977 creta
999 2935 1191 2992 nempe
1225 2921 1471 2976 littoralis
1491 2961 1507 2988 ,

492 3003 858 3058 candidissima
877 3041 892 3066 ,
934 3001 1195 3072 glutinosa
1212 3041 1229 3065 ,
1264 3000 1475 3072 pinguis
1493 3039 1510 3066 ,

488 3102 605 3154 quae
648 3082 823 3152 colligi
862 3081 973 3133 sine
1026 3081 1155 3134 limo
1204 3093 1257 3133 et
1304 3079 1506 3132 marina

490 3181 679 3232 spuma
705 3179 812 3212 non
839 3173 1013 3230 potest
1042 3178 1055 3212 ε
1089 3160 1145 3212 ἰιι
1172 3179 1277 3230 qna
1308 3171 1359 3212 et
1377 3177 1505 3212 con-

488 3241 612 3295 chas
668 3239 953 3292 minutulas
992 3237 1294 3291 delitescere
1340 3239 1504 3291 inter-

488 3320 619 3373 dum
660 3330 893 3372 notatur.
911 3315 1053 3369 Vide
1088 3317 1393 3386 Agricolam
1437 3313 1504 3368 de

486 3401 609 3454 Nat.
634 3399 757 3450 foas.
786 3397 863 3458 11,
888 3415 1005 3466 pag.
1040 3415 1163 3448 202.
1184 3398 1250 3449 In
1267 3415 1422 3449 causa
1447 3392 1502 3445 id

485 3479 590 3532 fuit
604 3516 619 3542 ,
644 3497 741 3529 cur
764 3493 1004 3545 spumam
1026 3475 1186 3526 maris
1208 3493 1316 3526 esse
1336 3491 1504 3544 parn-

488 3557 693 3613 tonium
724 3555 965 3606 dicerent
1000 3569 1122 3606 cum
1146 3553 1275 3606 limo
1307 3551 1504 3606 solida-

488 3652 620 3691 tam.
647 3637 830 3688 Han.

570 3739 619 3769 2.
655 3715 801 3768 Creta
838 3711 897 3765 C.
917 3710 1129 3762 decocta.
1158 3709 1237 3761 Ita
1261 3707 1455 3762 dicitur
1471 3727 1503 3761 a

488 3794 701 3848 Cimolo
723 3792 908 3854 insula,
927 3789 1131 3845 Cimoli,
1158 3788 1241 3841 vel
1265 3787 1504 3857 l’Argen-

489 3879 617 3926 εἰέκ.
644 3871 738 3926 Est
760 3871 943 3942 argilla
968 3861 1174 3937 (silicata
1204 3857 1502 3932 aluminata)

487 3950 709 4004 candida
741 3964 793 4004 et
817 3950 1027 4021 pinguis
1046 3987 1061 4012 ,
1098 3957 1256 4018 quam
1289 3964 1503 4017 quoque

484 4030 813 4099 appellamus
843 4029 996 4098 argile
1024 4027 1245 4079 cimolia.
1274 4025 1378 4078 En.

1667 1817 1719 1870 3.
1759 1819 1931 1871 Pondo
1967 1819 2591 1891 sexX.1.Hoce⁸t,in

1585 1915 1674 1951 sex
1702 1897 1863 1950 libras
1887 1896 2133 1952 denarius
2162 1919 2317 1954 unus.
2351 1901 2436 1955 Sic
2461 1905 2588 1970 Reg-

1589 1997 1616 2029 α
1649 1989 1699 2029 et
1725 1977 1833 2030 alii.
1865 1977 2008 2030 Editi
2043 1979 2294 2033 hactenus
2317 1979 2440 2034 libri
2470 1998 2592 2051 per-

1584 2073 1800 2125 peram,
1845 2060 1896 2107 in
1927 2057 2090 2126 pondo
2123 2060 2369 2113 sexdecim.
2411 2059 2479 2114 11.
2513 2089 2594 2103 ·-

1588 2135 1850 2187 Denarius
1916 2153 2052 2187 unus
2117 2152 2310 2190 nostro
2371 2151 2595 2194 moneto

1585 2212 1787 2286 gallica
1811 2232 1948 2276 aquen
1967 2215 2178 2268 circiter
2208 2219 2295 2268 16.
2330 2217 2433 2271 En.

1670 2295 1818 2354 41⁴2·
1873 2293 2109 2346 candidis.
2153 2294 2354 2348 Plinius
2411 2315 2594 2370 supra,

1587 2369 1850 2435 xxxm,
1882 2391 1986 2443 27:
2017 2372 2417 2427 «Paraetonium
2432 2395 2596 2448 ,quo-

1587 2449 1734 2501 niam
1769 2464 1846 2503 est
1873 2464 2054 2505 natura
2087 2453 2514 2525 pinguissimum,
2545 2471 2596 2510 et

1587 2540 1809 2599 propter
1854 2529 2100 2584 laevorem
2160 2531 2548 2587 tenacissimum
2577 2573 2594 2598 ,

1585 2619 1882 2661 atramento
1909 2608 2244 2680 inspergitur,
2269 2628 2336 2662 ne
2366 2625 2597 2682 pareto·

1587 2685 1665 2738 nii
1707 2685 1905 2740 candor
1956 2689 2210 2759 pallorem
2257 2688 2596 2759 chrysocolla

1587 2763 1793 2820 afferat.
1821 2791 1843 2814 n
1871 2767 2052 2820 ΗΑιιι).

1669 2845 1818 2897 XIX.
1857 2863 1906 2897 1.
1933 2845 2182 2898 Melinum.
2206 2845 2452 2901 Totidem
2481 2868 2596 2904 ver-

1587 2922 1670 2974 bis
1697 2922 1823 2975 Isid.
1860 2924 1961 2992 loc.
2003 2925 2093 2978 cit.
2126 2926 2381 2978 Melinum
2415 2928 2596 2980 metal-

1588 3001 1698 3054 lum
1723 3002 2314 3072 appellatVitruv.V11,
2339 3023 2392 3074 7.
2418 3007 2592 3060 Diosc.

1589 3079 1661 3144 V,
1693 3084 1824 3140 180,
1855 3082 2072 3134 Meliam
2101 3096 2292 3136 terram
2323 3084 2393 3137 ait
2419 3086 2596 3138 colore

1587 3159 1850 3212 cinei-eam
1877 3161 2134 3215 Eretriam
2161 3163 2402 3216 imitari.
2444 3155 2490 3218 Η
2535 3160 2592 3216 δὲ

1587 3237 1721 3293 Μηλί
1727 3257 1757 3287 α
1790 3239 1878 3294 τὴν
1915 3239 1999 3310 μὲν
2035 3243 2181 3311 χρόαν
2224 3239 2305 3293 καὶ
2343 3243 2464 3299 αὐτή
2498 3247 2592 3303 lew

1589 3317 1793 3387 ἐμφερὴς
1808 3307 2065 3389 Epa-piei&
2086 3324 2149 3386 τῇ
2171 3315 2470 3374 exedenda.
2494 3319 2597 3373 Sed

1589 3395 1791 3448 Eretria
1810 3408 1948 3450 terra
1965 3398 2176 3466 gemina
2201 3411 2296 3460 est,
2325 3411 2452 3452 teste
2475 3400 2598 3452 Dio-

1588 3492 1726 3528 scor.
1761 3475 1832 3537 V,
1867 3493 2003 3546 171·
1989 3515 2004 3538 ,
2048 3477 2210 3530 altera
2262 3477 2598 3532 vehementer

1589 3553 1726 3606 alba.
1760 3551 1940 3611 Hann-

1674 3651 1722 3683 α.
1743 3631 1845 3686 Sed
1859 3655 1930 3685 eo.
1953 3633 2129 3686 Samio
2151 3652 2342 3704 nempe
2366 3633 2598 3695 metallo,

1591 3722 1723 3763 teste
1741 3712 2088 3785 Theophrast.
2113 3715 2224 3783 περὶ
2239 3715 2467 3783 Momm.
2484 3713 2548 3764 13
2575 3733 2588 3762 :

1591 3791 1681 3842 Διὰ
1717 3793 1772 3843 τὸ
1807 3793 1946 3853 λίπος
1977 3793 2124 3860 ἔχειν,
2159 3791 2240 3845 καὶ
2279 3793 2556 3847 πυκνότητα
2577 3830 2589 3850 ,

1590 3882 1690 3921 etc.
1735 3871 1801 3922 At
1834 3884 2056 3924 utuntur
2080 3871 2316 3935 Melino,
2350 3882 2475 3923 teste
2511 3887 2598 3922 eo-

1591 3945 1712 4000 dem
1754 3949 2101 4020 Theophratt.
2145 3963 2198 4002 et
2227 3950 2402 4003 Diosc.
2432 3949 2488 4002 ll.
2517 3965 2597 4004 cc.

1590 4023 1766 4080 Ham).
