2975 4684
472 433 564 505 82

1015 437 1094 505 C.
1150 437 1491 506 PLINII
1544 437 1765 509 NAT.
1816 437 2071 507 HIST.

469 589 670 664 quam
707 566 1032 638 simillime
1057 567 1339 638 ’reddatz
1377 571 1723 664 visumque
1743 569 1879 664 jam
1920 585 2024 640 est
2057 559 2378 643 Neronis⁵
2419 577 2603 669 prin·

469 676 631 771 cipis
684 673 1073 769 spectaculis
1113 698 1381 744 arenam
1427 677 1605 746 Circi
1656 675 2073 782 chrysocolla
2110 681 2345 764 sterni,
2394 705 2601 775 quum

401 805 429 836 ²
466 783 608 876 ipse
635 778 971 850 concolori
1005 803 1230 876 panno
1268 783 1687 876 auiigaturus
1729 797 1918 852 esset.
1964 784 2247 854 Indocta
2287 787 2601 882 opificum

465 871 706 956 turba⁶
747 887 962 957 tribus
1006 911 1152 956 eam
1203 887 1559 982 generibus
1605 887 2018 983 distinguit.
2004 915 2021 930 ·

2070 915 2416 986 asperam,
2454 919 2605 988 quoe

462 1006 727 1062 taxatur
785 993 857 1060 in
911 991 1109 1062 libras
1171 993 1459 1063 denariis
1503 994 1678 1065 v117·
1661 1049 1675 1063 .
1728 995 2052 1082 mediam,
2116 1023 2263 1091 quae
2320 999 2605 1070 denariis

457 1099 678 1194 quinis
710 1125 726 1166 τ
764 1099 1092 1186 attritam,
1121 1123 1324 1194 quam
1355 1115 1421 1169 et
1439 1101 1841 1172 herbaceam
1878 1117 2158 1190 vocant,
2197 1129 2343 1199 quae
2364 1131 2433 1176 x.
2464 1093 2601 1176 111⁸.

457 1204 816 1276 Sublinunt
869 1220 1096 1274 autem
1151 1230 1535 1295 arenosam,
1580 1208 1965 1303 priusquam
2023 1208 2377 1300 inducant,
2418 1227 2599 1282 atra-

454 1327 714 1398 mento,
765 1325 832 1380 et
879 1314 1270 1406 paraetonio.
1316 1313 1516 1383 Haec⁹
1565 1329 1721 1384 sunt
1774 1316 2029 1385 tenacia
2084 1316 2225 1410 ejus
2279 1332 2347 1387 et
2394 1318 2603 1388 colori

457 1418 721 1488 blanda.
763 1419 1206 1488 Paraetonium
1223 1417 1297 1508 ¹⁰,
1323 1423 1639 1515 quoniam
1668 1435 1769 1492 est
1800 1435 2041 1490 natura
2068 1424 2601 1517 pinguissimum,

452 1643 598 1684 nunc
643 1625 906 1680 obsolevit
929 1646 946 1678 τ
983 1637 1041 1678 et
1075 1625 1132 1678 in
1164 1626 1346 1680 locum
1369 1628 1484 1698 ejus

454 1705 672 1779 irrepsit
721 1705 988 1760 Azurium
1038 1705 1482 1772 ultramarinum,

455 1789 758 1852 Ponte-emer,
782 1782 930 1857 quod
964 1802 994 1837 e
1023 1785 1389 1838 uansmarinis
1410 1787 1485 1838 lo-

453 1867 529 1922 cis
541 1866 780 1930 affertur,
797 1864 1120 1936 plerumque
1131 1882 1163 1916 e
1184 1864 1389 1935 Cypro.
1407 1866 1476 1919 H.

455 1977 536 1992 --
564 1945 786 2000 Colorem
815 1947 866 1998 in
904 1944 1050 1996 herba
1081 1947 1274 2014 segetis.
1295 1943 1485 1998 Talem

425 2027 692 2080 -colorem
717 2025 929 2096 egregie
951 2020 1130 2077 reddit
1156 2023 1380 2076 orobitis
1403 2023 1484 2077 Si-

455 2105 668 2171 nensis,
695 2115 758 2157 ut
778 2101 960 2158 videre
973 2116 1051 2156 est
1063 2102 1117 2156 in
1143 2103 1348 2172 pictura
1366 2122 1486 2175 qum

459 2204 622 2258 penes
645 2201 738 2238 me
763 2197 861 2238 est.
887 2184 1046 2236 Hunc
1081 2182 1319 2236 colorem
1356 2182 1488 2236 dici-

457 2285 613 2330 mus,
637 2265 683 2316 le
707 2275 820 2316 vert
837 2264 878 2316 d
880 2261 1158 2315 mmet-aude
1179 2263 1346 2315 Βιιοτ.

547 2347 602 2400 5.
644 2345 870 2398 Nemnis.
913 2343 1088 2396 Etiam
1131 2353 1186 2394 et
1234 2342 1492 2413 Caligula

459 2424 796 2496 principatu,
839 2422 1008 2475 minio
1049 2433 1103 2474 et
1152 2421 1486 2492 chrysocolla

461 2505 679 2560 Circum
721 2513 1045 2556 consu-ntum
1093 2500 1283 2566 ruisse,
1323 2501 1491 2555 Tran.

457 2583 659 2656 quillus
705 2594 782 2636 est
825 2593 1030 2642 ,auctor
1073 2580 1132 2632 in
1181 2582 1294 2650 e‘jns
1339 2581 1483 2644 vita,

461 2681 510 2716 c.
536 2679 701 2716 xvm.
727 2661 911 2714 nino.
931 2691 1004 2702 —-
1026 2659 1344 2731 Chrysomlla
1366 2675 1495 2717 sm·-

463 2747 532 2797 m'.
572 2743 607 2796 J
611 2755 733 2795 uxta
781 2739 863 2794 Cl.
903 2740 1162 2810 Tar-gion.
1186 2741 1491 2808 Tomi-n,

469 2823 674 2893 Vtaggi,
696 2833 826 2876 tom.
843 2820 930 2886 11,
956 2837 1078 2890 pag.
1105 2817 1203 2887 39,
1224 2818 1313 2872 illa
1337 2821 1494 2893 chry·

465 2904 664 2958 socolla
691 2913 788 2966 est,
811 2901 857 2952 Is
883 2902 984 2951 talc
1011 2899 1205 2951 couleur
1229 2900 1360 2953 d'or.
1385 2901 1486 2954 Ba.

465 3011 546 3026 -—-
585 2983 708 3034 Una
746 2980 921 3033 forsan
951 2997 1015 3031 ex
1040 2977 1104 3031 iis
1131 2995 1260 3050 quas
1280 2979 1493 3033 silis-ates

463 3066 703 3132 compos&
729 3071 988 3113 nostrates
1027 3070 1253 3121 vocant,
1297 3077 1493 3133 nempe

465 3145 621 3205 πιέσας
647 3139 844 3210 vulgo,
872 3157 931 3192 or
953 3137 1015 3190 do
1040 3139 1170 3191 chat.
1197 3139 1300 3192 En.

546 3225 603 3274 6.
638 3217 924 3272 Intmdoecta
955 3216 1187 3311 ope-ficum·
1216 3219 1358 3270 turba
1391 3215 1488 3282 (sic

463 3288 657 3374 prius).
686 3296 850 3364 Quod
891 3298 966 3350 ibi
1009 3297 1284 3369 negotium
1331 3300 1493 3354 fuerit

463 3379 748 3452 opificibus
781 3376 1120 3440 introductis,
1169 3371 1488 3433 videndum.

464 3461 546 3514 Ex
555 3459 822 3514 veteribus
831 3457 982 3511 libris
992 3456 1138 3511 haud
1151 3456 1318 3512 dubie
1326 3461 1484 3513 scrib.

463 3553 628 3612 puto·
614 3580 627 3592 .
658 3537 924 3592 «Indocta
939 3555 991 3590 o.
1009 3539 1166 3591 turba
1186 3538 1356 3591 tribus
1367 3557 1486 3590 eam

462 3621 748 3693 generibus
793 3617 1089 3689 distinguit.
1123 3642 1147 3664 n
1181 3617 1295 3670 Etsi
1341 3616 1485 3672 haud

460 3701 704 3772 ignorem
764 3699 1030 3769 eleganter
1091 3713 1312 3769 quoque
1378 3695 1484 3749 dici

461 3799 643 3852 posse,
677 3779 818 3832 turba
852 3779 1171 3846 distinguunt.
1205 3773 1311 3829 Sed
1351 3793 1488 3846 prae·

457 3861 601 3914 valet
625 3860 782 3913 Voss.
822 3857 947 3910 libri
992 3854 1288 3908 auctoritas.
1335 3853 1482 3908 Idem

457 3939 570 3992 fere
595 3939 768 3994 voluit
793 3937 1091 3990 Pintisnus.
1125 3932 1377 3988 Gnonov.
1400 3967 1480 3977 —

455 4019 678 4072 Indocta.
727 4015 978 4070 Totidem
1029 4012 1189 4086 plane
1237 4013 1480 4085 apicibus

449 4097 775 4170 syllabisque
815 4095 946 4166 Reg.
997 4114 1024 4146 2
1059 4091 1180 4146 cod.
1219 4093 1282 4148 In
1323 4093 1480 4150 editis

1572 1627 1973 1700 corruptissime
2006 1643 2021 1679 :
2057 1653 2079 1675 ι
2113 1647 2281 1700 quum
2320 1628 2435 1700 ipse
2474 1648 2603 1684 con-

1573 1707 1743 1772 colori
1771 1725 1952 1778 panno
1969 1708 2309 1780 aurigaturus
2334 1722 2497 1774 esset,
2520 1711 2601 1763 in-

1571 1784 1815 1840 troducta
1870 1786 2127 1858 opificum
2182 1789 2356 1842 turba.
2401 1789 2598 1843 Tribus

1571 1884 1707 1930 eam,
1728 1879 1829 1919 etc.
1841 1891 1863 1912 ·
1890 1866 2077 1920 Monet
2098 1867 2399 1940 Dalecamp.
2422 1868 2477 1920 in
2497 1887 2595 1922 sno

1572 1957 1781 1998 vetusto
1814 1943 1998 1997 codiee
2034 1945 2137 2014 legi
2176 1945 2373 1998 inducta
2390 1966 2410 1998 :
2443 1959 2599 2018 atque

1573 2025 1647 2078 ita
1672 2042 1796 2077 sane
1818 2024 2056 2076 Colbert.
2087 2024 2139 2077 3.
2165 2025 2236 2076 At
2254 2025 2344 2079 ille
2378 2028 2507 2096 Reg.
2541 2048 2591 2088 ο,

1572 2104 1783 2156 indocta.
1819 2101 2041 2174 Nosque
2066 2103 2241 2156 verbis
2278 2104 2345 2156 iis
2373 2124 2404 2156 a
2440 2123 2598 2175 supe-

1572 2183 1715 2237 riore
1753 2183 2012 2235 sententia
2058 2179 2306 2250 divulsis,
2344 2201 2468 2237 cum
2516 2203 2601 2237 se-

1574 2273 1777 2334 quente
1813 2280 1877 2314 ea
1908 2262 2325 2316 connexuimus:
2361 2276 2420 2316 ut
2446 2276 2601 2335 puta-

1572 2359 1715 2404 mus,
1734 2353 1876 2412 apte.
1906 2342 1995 2395 Sic
2016 2341 2161 2394 enim
2184 2343 2303 2412 pari
2328 2343 2500 2396 forma
2524 2343 2599 2395 lo-

1574 2419 1774 2492 quendi
1796 2421 2003 2474 Plinius
2026 2433 2181 2476 antea
2218 2439 2343 2475 usus
2378 2423 2565 2476 XXXI
2582 2463 2599 2490 ‚

1574 2513 1833 2566 extremo,
1852 2519 1971 2570 cap.
2000 2501 2100 2554 ult.
2120 2501 2216 2554 ubi
2232 2499 2303 2554 de
2324 2503 2595 2575 spongiis:

1580 2607 1603 2630 ι
1628 2579 1827 2634 Medici
1866 2579 2072 2634 inscitia
2115 2579 2183 2633 nd
2226 2579 2338 2635 dno
2378 2583 2597 2636 nomina

1576 2679 1663 2714 eas
1684 2659 1936 2730 redegere
1952 2698 1967 2725 ‚
1994 2673 2093 2714 etc.
2116 2685 2138 2708 ι
2174 2661 2359 2715 ΒΑΜ).

1658 2759 1713 2810 7.
1738 2740 1966 2791 Demi-iis
1990 2741 2116 2793 VII.
2140 2741 2227 2794 Sic
2244 2743 2375 2812 Reg.
2406 2759 2458 2806 2,
2484 2741 2599 2796 sine

1578 2819 1701 2873 ullis
1746 2833 1997 2874 notarum
2032 2819 2386 2892 compendiis.
2432 2823 2497 2874 In
2533 2820 2600 2873 li-

1578 2900 1691 2952 bris
1736 2899 1993 2955 hactenus
2039 2899 2197 2954 editis
2246 2901 2597 2972 protei-missa

1580 2997 1681 3032 vox
1702 2995 1765 3032 ea
1788 2981 2001 3032 denariis
2028 2993 2123 3034 est.
2152 2979 2287 3033 Sunt
2312 2999 2479 3050 porro
2505 2977 2599 3032 de-

1576 3059 1715 3113 narii
1744 3073 1948 3131 septem
1980 3071 2211 3113 moneto
2246 3059 2477 3130 gallim,
2516 3077 2597 3112 as·

1576 3157 1658 3192 ses
1684 3140 1806 3193 nerei
1832 3158 1920 3192 sex
1950 3152 2003 3192 et
2028 3138 2404 3210 quinquageni.
2424 3139 2599 3190 Dena-

1576 3219 1645 3272 rii
1670 3221 1935 3290 quinque,
1965 3235 2101 3271 asses
2126 3216 2495 3288 quadraginta.
2524 3217 2593 3270 H.

1577 3296 1939 3352 -Denarius
1979 3297 2083 3350 fnit
2124 3306 2352 3348 moneto
2394 3295 2595 3366 gallica

1574 3378 1765 3431 assium
1804 3377 1871 3429 15
1912 3373 1997 3440 xla
2046 3387 2101 3428 et
2143 3374 2305 3446 paulo
2346 3375 2593 3447 amplius.

1570 3457 1739 3510 Βιιοτ.

1656 3537 1709 3590 8.
1740 3534 1953 3606 QuoeX.
1970 3535 2073 3588 111.
2092 3535 2210 3587 Hoc
2236 3547 2345 3600 est,
2366 3533 2596 3589 denariis

1572 3615 1759 3668 tribus.
1812 3614 2028 3668 Gallicae
2078 3626 2330 3678 moneta,
2392 3615 2595 3669 assibus

1571 3707 1801 3766 quatuor
1821 3708 1875 3747 et
1900 3695 2116 3748 vicenis.
2145 3693 2325 3748 Hsnn.

1658 3793 1713 3843 9.
1738 3773 1880 3828 Hoec.
1904 3775 2031 3827 Htec
2064 3776 2269 3828 facilius
2290 3775 2595 3848 chrysocol-

1572 3853 1639 3907 1ae
1659 3873 1895 3908 arenosa
1916 3856 2208 3926 illigantur.
2236 3853 2414 3908 Hsun.

1659 3953 1744 3989 ιο.
1770 3937 2127 4000 Paraetonium,
2158 3937 2381 4007 quoniam
2408 3947 2481 3986 ese
2506 3955 2595 3988 na-

1574 4024 1683 4068 tura
1710 4019 2094 4087 pinguissimum.
2148 4041 2169 4062 ι
2200 4013 2559 4069 Par-monium
2576 4054 2592 4078 ‚

1570 4093 1746 4168 inquit
1782 4095 1929 4150 idem
1971 4095 2068 4150 lib.
2105 4093 2337 4159 XXXV,
2372 4111 2491 4165 cap.
2536 4097 2591 4158 6,
