2975 4684
427 1306 449 1336 1

486 392 632 489 49ss
1033 392 1109 459 c.
1162 391 1502 462 PLINII
1551 390 1765 460 NAT.
1817 390 2068 459 HIST.

491 521 895 595 stinatione¹⁰
918 546 1260 617 suprema:
1284 520 1813 615 traduntque¹¹in
1842 543 1919 589 ea
1941 519 2338 615 cogitatione
2358 523 2604 595 fessum

488 646 817 701 nocturno
844 642 1141 722 tempore
1174 629 1241 695 in
1278 628 1498 719 quiete
1531 627 1770 697 vidisse
1811 640 2196 721 praesentem
2234 627 2422 696 deam
2438 683 2457 715 ,
2497 634 2604 699 cui

489 734 821 829 templum
850 734 1091 820 fiebat,
1144 732 1522 805 hortantem
1566 747 1642 803 ut
1683 735 1990 800 viveret:
2041 757 2112 801 se
2160 737 2605 827 composuisse

490 840 823 936 lapidem.
872 853 1067 932 atque
1102 841 1191 905 ita
1228 852 1494 931 postero
1521 837 1626 906 die
1649 839 2002 959 apparuit,
2035 852 2101 906 et
2131 839 2479 933 pondere
2461 866 2606 934 ipso

492 943 866 1017 correctns¹
876 942 1283 1013 'videhatmx
1316 946 1571 1014 Caetera
1607 944 1748 1037 ejus
1789 944 2006 1037 operis
2039 959 2429 1015 ornamenta
2472 944 2608 1038 plu·

492 1053 659 1120 rium
700 1050 1015 1119 librorum
1058 1052 1264 1118 instar
1299 1048 1634 1134 obtinent,
1671 1048 1832 1117 nihil
1863 1048 1947 1117 ad
1982 1048 2301 1143 speciem¹
2308 1036 2608 1119 ³naturae

488 1156 2688 1251 pertinentia..

593 1260 819 1329 XXII.
863 1252 1004 1344 (xv.
1012 1246 1041 1349 )
1069 1261 1287 1329 Durat
1318 1275 1385 1329 et
1428 1257 1690 1351 Cyzici¹
1719 1258 2107 1343 delubrum,
2141 1260 2210 1327 in
2249 1285 2383 1353 quo
2419 1259 2603 1329 filum

488 1389 763 1435 aureum
802 1362 1278 1433 commissuris²
1320 1365 1627 1434 omnibus
1657 1363 1842 1458 politi
1879 1364 2111 1458 lapidis
2153 1364 2430 1457 subjecit
2459 1367 2604 1433 arti-

487 1470 593 1539 fex
614 1522 632 1555 ‚
652 1471 966 1539 eboreum
995 1472 1231 1537 Jovem
1252 1468 1589 1539 dicaturus
1619 1471 1834 1555 intus,
1861 1484 2220 1539 coronante
2253 1494 2404 1539 eum
2439 1494 2606 1539 mar·

486 1600 714 1644 moreo
750 1572 1071 1668 Apolline.
1108 1574 1497 1645 Translucet
1527 1600 1684 1669 ergo
1725 1560 2018 1669 pictura³
2065 1576 2456 1645 tenuissimis
2495 1600 2601 1645 ca·

488 1674 915 1799 pillamentis,
952 1677 1213 1771 lenique
1266 1680 1494 1749 afflatu
1542 1679 1888 1749 simulacra
1933 1668 2302 1749 refovente⁴
2305 1696 2606 1798 ‚praeter

483 1786 818 1879 ingenium
848 1782 1147 1867 artificiS,
1184 1785 1327 1878 ipsa
1364 1787 1676 1871 materia,
1709 1786 2006 1879 quamvis
2037 1785 2332 1866 occulta,
2366 1788 2436 1854 in
2469 1811 2604 1881 pre·

486 1892 579 1960 tio
621 1892 839 1983 operis
879 1886 1281 1981 intelligitur.

589 1996 853 2063 XXIII.
907 1991 1159 2061 Eodem
1207 1996 1275 2063 in
1328 1994 1576 2088 oppido
1620 2008 1720 2063 est
1759 1992 1960 2086 lapiS,
2017 1994 2328 2086 fugitivus
2377 1994 2606 2089 appel-

488 2098 710 2170 latus:
750 2098 1188 2191 Argonautae¹
1250 2124 1329 2167 eo
1380 2124 1504 2190 pro
1548 2122 1792 2166 ancora
1841 2100 1979 2183 usi,
2045 2097 2134 2164 ibi
2179 2098 2597 2191 reliquerant

486 2208 685 2275 Hunc
728 2229 767 2272 e
768 2201 1174 2335 Prytaneo²
1179 2253 1195 2289 ,
1254 2204 1343 2269 ita
1406 2217 1682 2272 vocatur
1747 2201 1964 2289 locus,
2017 2228 2189 2297 saepe
2247 2204 2604 2299 profugum
2711 2256 2718 2265 .

488 2296 791 2378 vinxere³
842 2308 1134 2408 plumbo.
1194 2306 1443 2375 Eadem
1502 2309 1567 2376 in
1620 2296 1822 2377 urhe*
1867 2308 2054 2401 juxta
2111 2323 2404 2403 portam,
2461 2334 2610 2403 quae

578 2460 663 2497 10.
710 2440 885 2493 Mortis
932 2438 1267 2489 destinatione.
1317 2438 1498 2502 Quum
1675 2439 1942 2507 4.Afflatu
1963 2440 2216 2491 simulacra
2235 2440 2486 2507 refovente.
2500 2440 2608 2491 Au·

490 2520 776 2575 destinaret
795 2517 896 2574 sibi
916 2534 1095 2571 necem
1122 2516 1339 2568 inferre.
1365 2516 1443 2568 11.
1589 2518 1638 2568 ri
1673 2517 1875 2587 fulgore
1905 2518 2180 2570 simulacra
2221 2536 2279 2571 ea
2309 2518 2496 2571 leniter
2528 2518 2607 2570 fe-

578 2618 663 2653 11.
696 2598 1021 2667 Traduntque.
1060 2596 1205 2647 Brot.
1232 2614 1296 2647 ex
1335 2596 1495 2666 Regg.
1588 2595 1790 2657 riente,
1821 2607 2010 2665 praeter
2049 2595 2319 2665 ingenium
2365 2593 2609 2660 artificis,

490 2690 545 2731 et
578 2677 691 2730 edit
716 2678 885 2747 princ.
918 2673 1117 2727 traduat
1136 2678 1187 2727 in
1212 2695 1288 2727 ea.
1320 2676 1421 2727 En.
1590 2674 1702 2743 ipsa
1727 2674 2127 2727 simulacrorum
2159 2674 2372 2727 materia
2394 2714 2410 2739 ,
2436 2676 2507 2727 ob
2533 2696 2610 2726 re-

578 2776 601 2811 1
616 2776 664 2810 α.
692 2756 909 2808 Pondere
934 2758 1035 2824 ι’ρεο
1052 2766 1305 2805 correctns.
1324 2754 1389 2805 Et
1404 2772 1504 2806 mo
1583 2772 1856 2824 percussum
1881 2756 1990 2803 auri
1998 2792 2014 2819 ,
2033 2754 2275 2823 quemvis
2297 2754 2508 2805 occulto
2527 2756 2612 2806 ni-

492 2854 548 2889 se
575 2834 809 2906 pondene
834 2833 971 2904 lapis
996 2832 1065 2884 ad
1084 2832 1321 2885 debitum
1346 2833 1504 2886 sitnm

492 2928 787 2985 statumque
814 2922 1105 2967 revocarat.
1135 2911 1317 2963 Hun.

578 2994 665 3047 13.
694 2993 785 3044 Ad
804 2995 999 3060 speciem
1024 3003 1234 3043 nataeaeroe.
1253 2989 1339 3041 Ad
1360 3008 1508 3043 com·

491 3069 883 3124 mendationem
914 3081 1129 3121 naturae.
1164 3070 1345 3121 Han.

573 3148 749 3199 xxn.
772 3164 795 3198 1
806 3186 820 3199 .
838 3148 1027 3217 Cyzici.
1042 3146 1206 3201 Hard.
1222 3166 1504 3217 operarum

490 3242 705 3285 errore,
738 3225 939 3295 Cyzaci.
963 3227 1029 3279 In
1050 3226 1149 3280 hae
1164 3227 1297 3279 urbe
1311 3263 1326 3290 ‚
1348 3228 1506 3279 Arta-

494 3304 567 3366 kt,
607 3315 823 3357 manent
862 3305 1149 3359 etiamnum
1186 3303 1508 3375 antiquitatis

494 3394 837 3435 monumenta
867 3400 927 3433 nc
963 3396 1167 3435 veteres
1204 3382 1506 3451 inscriptio-

494 3480 618 3526 nes,
645 3471 775 3515 teste
802 3460 949 3514 Brot.
972 3460 1074 3512 En.

582 3560 636 3595 ο.
660 3539 1003 3593 Commissum.
1028 3538 1321 3594 sanctatis.
1359 3538 1428 3591 Η.

580 3621 635 3675 3.
683 3618 966 3674 Tmnsluaet
1004 3636 1120 3687 ergo
1160 3620 1371 3687 pictum.
1422 3616 1510 3670 Sic

500 3698 657 3753 MSS.
678 3717 892 3763 omnes,
915 3698 1043 3767 neg.
1086 3716 1145 3761 2,
1178 3696 1332 3749 Colb.
1364 3695 1418 3749 3.
1445 3697 1507 3748 In

501 3777 657 3835 editi»
674 3820 690 3842 ‚
747 3805 772 3826 ι
806 3778 1066 3831 tralucent
1116 3794 1241 3845 ergo
1296 3776 1510 3846 junctu-

500 3876 592 3911 ra.
610 3882 635 3905 a
670 3858 844 3911 Perm.
872 3855 961 3911 ed.
984 3857 1121 3908 Ven.
1144 3855 1283 3909 Brix.
1313 3866 1367 3907 et
1397 3855 1512 3909 alia

502 3948 624 3989 ante
642 3937 871 3991 Froben.
906 3959 929 3979 ·
944 3935 1063 3987 tral-
1084 3954 1209 4005 ergo
1226 3933 1464 4007 pictura.
1482 3960 1505 3983 ι

504 4014 782 4067 H.-—Vet.
810 4033 895 4085 ap,
918 4014 1033 4067 Dal.
1057 4014 1303 4067 collucent.
1326 4015 1431 4067 Eu.

1591 2845 1705 2885 tore
1733 2850 1797 2885 ex
1836 2830 2075 2901 lapidum
2119 2833 2416 2903 juncturis,
2457 2831 2608 2885 addit

1592 2912 1742 2983 operi
1767 2911 2018 2985 pretium.
2047 2908 2227 2963 Han.

1671 2991 1876 3043 XXIII.
1925 3008 1974 3042 1.
2029 2990 2347 3059 Argonauta.
2397 2990 2503 3053 Qui
2530 2991 2607 3043 fn·

1589 3088 1722 3122 num
1757 3067 2120 3137 Dindymenes
2155 3070 2339 3123 Matris
2367 3071 2597 3121 Deorum

1591 3147 1650 3198 in
1679 3164 1738 3197 ee
1765 3146 1976 3199 civitate
2011 3145 2357 3201 nidificat-unt.
2385 3148 2604 3211 Strabo,

1591 3226 1684 3277 lib.
1715 3224 1852 3286 XII,
1873 3244 1929 3294 p.
1958 3226 2088 3294 575.
2117 3226 2298 3278 Hum.

1676 3322 1726 3355 ει.
1758 3304 1810 3355 Ε
1847 3303 2106 3377 Prytaneo.
2148 3304 2456 3374 Πρυτανεῖον.
2487 3304 2604 3356 Liv.

1592 3382 1689 3434 lib.
1711 3383 1838 3433 XLI
1854 3420 1871 3446 ,
1891 3402 1946 3452 p.
1978 3382 2087 3451 5²7
2113 3403 2125 3433 :
2156 3408 2178 3429 ι
2201 3385 2378 3455 Cyzici
2397 3384 2450 3435 in
2473 3384 2607 3455 Pry-

1595 3474 1808 3513 taneum
1825 3497 1843 3523 ‚
1869 3460 1925 3513 id
1965 3473 2043 3514 eet
2063 3498 2079 3525 ,
2118 3465 2383 3531 penetrale
2413 3461 2607 3527 Urbis,

1595 3540 1692 3592 ubi
1720 3539 1934 3609 publice
1963 3540 2157 3609 quibus
2187 3542 2232 3593 is
2263 3542 2432 3594 honos
2457 3539 2610 3593 datus

1591 3632 1676 3671 est
1691 3656 1707 3683 ,
1723 3630 2011 3671 vescuntur
2028 3658 2044 3687 ,
2063 3632 2162 3674 etc.
2183 3621 2355 3674 -vide
2375 3620 2608 3673 Lexicon

1599 3696 1947 3751 Constantini.
1983 3698 2163 3752 Hutn.

1679 3778 1732 3829 3.
1759 3778 1816 3829 V
1811 3781 1986 3831 ina-ere.
2011 3778 2249 3830 Gronov.
2275 3789 2328 3827 et
2363 3776 2446 3829 Al.
2487 3789 2613 3830 ante

1601 3855 1767 3909 Hard.
1782 3855 1956 3924 ficem.
1993 3856 2093 3907 Eu.

1685 3943 1738 3997 ά.
1783 3936 1968 3987 Eadem
2005 3936 2055 3983 in
2091 3932 2226 3993 urbe,
2284 3940 2400 3985 etc.'
2425 3930 2614 3985 Simile

1599 4024 1678 4066 eet
1693 4052 1710 4077 ,
1735 4012 1882 4083 quod
1910 4012 1978 4065 de
2003 4010 2258 4080 Byzantio
2286 4010 2391 4065 Dio
2416 4010 2578 4066 refert
2595 4050 2614 4075 ,
