2975 4684
594 435 639 504 6
1138 441 1215 506 C.
1269 441 1605 510 PL1N11
1655 440 1867 507 NAT.
1923 438 2179 504 HIST.

592 569 946 639 habentem
996 595 1193 640 nemo
1248 588 1582 656 cerneret,
1627 575 1774 666 quis
1817 597 1950 640 non
1993 572 2188 638 etiam
2247 567 2708 638 fabulosiorem

590 673 917 745 fateatur?
952 677 1195 747 Manus
1233 694 1302 746 et
1331 703 1601 773 prorsus
1634 665 1948 747 sinistrae⁴
1978 677 2325 744 maximam
2355 669 2709 745 aucterita-

593 796 725 849 tem
789 780 1223 852 conciliavere
1280 807 1480 870 auro,
1539 809 1674 853 non
1731 783 1994 877 quidem
2059 806 2383 868 romanae,
2431 805 2706 876 quarum

592 911 773 974 meife
824 886 1109 957 ferreum
1154 889 1219 958 id
1274 905 1455 978 erat,
1509 905 1584 959 ut
1626 885 1886 976 virtutis
1936 887 2224 968 bellicae,
2271 889 2543 956 insione.
2603 889 2710 956 De

593 993 857 1086 regibus
882 997 1173 1066 romanis
1194 1021 1328 1064 non
1366 995 1558 1066 facile
1577 993 2158 1064 dixerim.Nullum
2190 993 2392 1062 habet
2446 989 2710 1062 Romuli

596 1101 662 1166 in
686 1093 1015 1194 Capitolio
1036 1117 1281 1189 statua,
1310 1127 1433 1171 nec
1455 1117 1694 1198 praeter
1718 1105 1949 1170 Numae
1977 1101 2316 1194 Serviique
2328 1098 2524 1168 Tullii
2555 1096 2674 1167 alia
2692 1153 2710 1183 ‚

592 1229 671 1273 ac
704 1231 789 1274 ne
810 1207 999 1275 Lucii
1021 1207 1283 1301 quidem
1312 1211 1515 1278 Bruti.
1543 1209 1689 1277 Hoc
1719 1211 1784 1277 in
1800 1207 2170 1301 Tarquiniis
2187 1207 2468 1274 maxime
2486 1206 2711 1291 miror,

590 1335 876 1405 quorum
920 1338 957 1380 e
1008 1315 1263 1384 Graecia
1302 1315 1427 1383 fuit
1468 1300 1717 1409 origo⁶,
1777 1313 1952 1382 unde
1995 1313 2103 1380 hic
2146 1309 2499 1381 anulorum
2557 1334 2712 1379 usus

590 1420 807 1504 venit,
841 1441 1217 1512 quanquam
1265 1423 1461 1488 etiam
1510 1446 1688 1488 nunc
1733 1419 2208 1488 Lacedaemone
2255 1417 2469 1486 ferreo
2513 1430 2712 1484 utun·

588 1538 719 1589 tur.
742 1524 871 1592 Sed
890 1538 1013 1592 eta
1030 1527 1252 1596 Prisco
1272 1527 1657 1621 Tarquini&
1677 1528 1969 1596 omnium
2010 1529 2227 1620 primo
2265 1521 2710 1616 fiiium‚quum

586 1623 653 1695 in
681 1645 1010 1724 praetextae
1028 1619 1243 1700 annis⁸
1255 1633 1603 1703 occidisset
1619 1634 1902 1715 hostem,
1933 1631 2109 1701 bulla
2140 1629 2365 1699 aure-11⁹
2393 1628 2710 1698 donatum

586 1750 847 1804 constat
884 1761 898 1802 ε
954 1735 1131 1804 unde
1170 1761 1313 1804 mos
1355 1737 1548 1808 buuae
1593 1737 1900 1823 duravit,
1943 1753 2014 1806 ut
2063 1762 2292 1805 eorum
2331 1733 2510 1829 qui¹⁰
2541 1759 2712 1828 equo

588 1918 655 1970 de
674 1915 834 1971 offic.
856 1917 950 1970 lib.
976 1919 1077 1980 ΠΙ,
1099 1937 1246 1970 num.
1288 1919 1359 1972 38
1390 1937 1403 1971 :
1430 1943 1449 1962 ι
1474 1919 1611 1973 Hinc

588 1995 717 2049 inde
746 1995 926 2067 Gyges
952 1994 1225 2050 inducitur
1250 2017 1281 2050 a
1308 1997 1574 2051 Platone..
1597 2041 1607 2050 .

590 2077 643 2128 1⁸
672 2093 837 2146 quum
866 2075 1040 2145 paiam
1077 2079 1191 2147 ejus
1220 2077 1361 2129 anuli
1396 2077 1461 2129 sd
1497 2078 1610 2148 pnl-

592 2173 732 2207 maui
760 2167 1132 2220 converterat,
1162 2174 1191 2207 a
1222 2155 1371 2209 nullo
1398 2154 1612 2209 videba-

591 2245 699 2300 tur,
746 2235 858 2306 ipse
911 2247 1089 2287 sutem
1123 2235 1309 2286 omnia
1358 2234 1568 2288 videbat
1597 2253 1610 2288 :

592 2311 734 2366 idem
774 2331 957 2367 rursus
997 2313 1298 2377 videbatur,
1332 2329 1505 2386 quum
1550 2317 1606 2366 in

591 2393 764 2446 lucem
794 2393 1015 2446 anulum
1036 2394 1339 2447 inverterat.
1366 2421 1387 2441 ι
1423 2394 1612 2448 nnn.

676 2479 728 2534 4.
760 2472 1002 2526 Sinistroe.
1034 2473 1296 2527 Infelices.
1329 2473 1415 2526 Sic
1451 2492 1612 2529 omen

592 2551 861 2604 sinistrum
911 2551 1152 2605 dicimus.
1221 2552 1333 2608 Etsi
1397 2571 1612 2606 manum

594 2630 815 2701 quidem
839 2630 1025 2684 laevum
1054 2631 1299 2702 intelligit
1316 2672 1330 2696 ,
1358 2645 1536 2686 temen
1557 2633 1612 2685 in

592 2711 758 2763 verbo
787 2708 928 2764 ludit
955 2729 970 2765 ε
1008 2724 1069 2765 ut
1100 2723 1154 2765 et
1182 2709 1407 2764 infelicis
1429 2711 1484 2766 id
1516 2728 1610 2764 nu·

593 2789 745 2859 spicii
771 2789 926 2843 fuisse
948 2789 1250 2844 admoneat.
1278 2791 1347 2845 Η.
1370 2823 1446 2834 —-
1478 2793 1616 2861 Qua-

594 2887 697 2920 rum
724 2887 847 2921 mere
858 2870 1071 2938 serr-eum
1098 2871 1153 2923 id
1175 2883 1294 2923 eme.
1316 2871 1527 2924 Broter.
1549 2889 1612 2923 ex

594 2949 745 3002 MSS.
778 2949 940 3022 Regg.
970 2972 999 3003 α
1018 2988 1032 3007 ,
1064 2951 1096 3003 3
1117 2987 1134 3012 ‚
1164 2961 1216 3002 et
1240 2947 1327 3002 ed.
1355 2969 1441 3020 pr.
1470 2969 1610 3021 quar.

594 3031 644 3078 in
684 3048 810 3081 more
826 3030 881 3098 s.
916 3029 973 3082 id
1000 3051 1041 3082 e.
1074 3029 1293 3083 frustra
1330 3029 1385 3082 in
1420 3046 1605 3082 recen·

594 3108 823 3161 tim-ibus
840 3109 1205 3173 emendatum,
1231 3129 1278 3180 q.
1310 3109 1492 3176 meres:
1507 3107 1611 3160 En.

678 3187 729 3240 5.
754 3189 951 3240 Nullum
973 3190 1171 3241 imbec...
1198 3200 1378 3240 stateea.
1406 3189 1613 3241 Statuas

596 3267 753 3318 anulo
779 3267 959 3320 ornari
979 3269 1158 3322 solitas
1174 3305 1191 3330 ‚
1216 3281 1436 3320 testatur
1454 3268 1612 3320 etism

596 3343 786 3398 Cicero
828 3345 895 3399 ad
926 3347 1081 3401 Attic.
1130 3348 1222 3401 lib.
1247 3347 1347 3407 IV,
1372 3349 1529 3416 epist.
1565 3363 1611 3408 ι,

594 3423 690 3475 ubi
739 3443 805 3478 ex
850 3439 1013 3491 statu,
1064 3425 1325 3498 imagine,
1379 3425 1576 3478 amictu
1595 3461 1611 3486 ‚

595 3503 782 3566 anulo,
834 3505 1032 3575 colligit
1073 3503 1307 3578 ejusdem
1352 3503 1616 3573 Scipionis

596 3581 834 3636 Africani
869 3596 1093 3637 statuam
1129 3602 1270 3648 esse,
1306 3595 1358 3636 et
1395 3601 1513 3654 que
1548 3581 1613 3635 ad

594 3659 757 3734 Opis,
801 3675 853 3716 et
894 3681 1013 3735 que
1059 3663 1126 3716 ad
1174 3663 1405 3718 Pollucis
1447 3661 1614 3716 aedem

594 3742 763 3812 posita
792 3755 941 3796 esset.
970 3741 1145 3796 Hann-

676 3825 730 3875 6.
778 3821 993 3890 Quorum
1027 3843 1053 3873 e
1085 3821 1281 3876 Groecia
1314 3825 1419 3889 suit
1454 3827 1612 3892 origo.

594 3899 873 3971 Tarquinii
914 3901 1080 3955 Prisci
1123 3915 1273 3973 peter·
1302 3903 1614 3954 Demaratus

595 3979 906 4034 Corinthius
950 3982 1067 4035 fuit.
1112 3982 1245 4035 Du..
1286 4013 1365 4024 -—
1396 3981 1614 4051 Quorum

592 4080 617 4108 e
662 4057 876 4114 Gracia.
932 4061 1057 4114 Fuit
1102 4061 1245 4114 enim
1287 4060 1614 4131 Tarquinius

1697 1922 1904 1972 Priscus
1939 1917 2205 1970 Demarati
2241 1917 2504 1971 Corinthii
2545 1918 2710 1978 filius,

1697 2001 1810 2070 ejus
1835 2000 1925 2068 qui
1956 1999 2009 2048 in
2036 1997 2301 2050 Etruriam
2329 1996 2711 2066 commigravit.

1697 2077 2088 2140 Aurel.Victur‚
2119 2076 2213 2128 lib.
2247 2073 2313 2128 de
2335 2075 2482 2128 Viris
2521 2077 2710 2128 illustr.

1698 2175 1813 2226 cap.
1850 2159 1916 2218 6;
1947 2155 2146 2208 Plinius
2171 2156 2284 2225 ipse
2305 2196 2318 2218 ,
2351 2155 2445 2208 lib.
2482 2155 2713 2220 XXXV,

1698 2255 1818 2306 cap.
1845 2236 1898 2289 5.
1927 2233 2101 2288 Hnm.

1780 2333 1810 2385 7
1823 2355 1835 2368 .
1863 2315 1964 2366 Sed
1977 2327 2025 2366 et
2043 2335 2074 2366 a
2093 2315 2261 2366 Prisco
2289 2316 2568 2384 Tarque‘nio.
2587 2313 2710 2366 Hoec

1698 2393 1922 2448 totidem
1950 2393 2123 2446 verbis
2146 2393 2479 2458 Macrobius,
2500 2393 2710 2446 Saturn.

1699 2474 1793 2527 lib.
1824 2475 1879 2536 1,
1909 2491 2025 2544 esp.
2061 2477 2116 2538 6,
2136 2492 2190 2545 p.
2226 2475 2351 2526 208.
2381 2471 2563 2526 Hui).

1783 2555 1837 2608 8.
1873 2555 1930 2606 In
1961 2565 2214 2625 proeteaetoe
2241 2554 2392 2604 anni-5.
2445 2553 2584 2604 Ante
2619 2571 2712 2604 nn-

1699 2651 1827 2686 num
1898 2634 2064 2686 etatis
2119 2632 2368 2702 quintum
2427 2627 2714 2686 decimum.

1700 2710 1843 2765 vide
1885 2729 2006 2784 quin
2048 2709 2118 2764 de
2157 2724 2278 2781 toga
2321 2727 2452 2780 puts
2495 2722 2548 2761 et
2578 2727 2714 2781 prm·

1700 2803 1842 2844 texta
1890 2791 2122 2844 diximus
2153 2791 2245 2843 lib.
2273 2788 2402 2840 VIII
2423 2827 2440 2853 ,
2466 2807 2579 2860 cap.
2619 2795 2708 2859 74.

1700 2871 1768 2924 H.
1788 2903 1867 2914 —-
1889 2871 1952 2922 In
1979 2883 2229 2941 proetexeoe
2259 2872 2414 2920 annis.
2447 2867 2592 2923 Ante
2621 2886 2715 2920 an·

1698 2969 1826 3007 num
1845 2951 2096 3026 quintum
2109 2948 2402 3013 decimun13
2419 2966 2558 3001 anno
2571 2949 2714 3000 enim

1700 3043 1892 3105 quarto
1949 3028 2158 3082 decimo
2211 3028 2476 3099 completo
2497 3064 2516 3088 ‚
2567 3027 2716 3080 bulla

1697 3107 2118 3180 suspendebatur
2143 3105 2382 3160 Laribus.
2417 3105 2582 3160 Βιιοτ.

1757 3208 1828 3256 ,9.
1858 3187 2012 3240 Bulla
2049 3206 2214 3238 aurea.
2258 3185 2437 3239 Festus
2471 3203 2486 3237 ε
2524 3207 2545 3227 ·
2567 3185 2715 3238 Bulla

1698 3286 1856 3321 sures
1893 3267 2095 3338 insigne
2125 3279 2235 3319 erut
2265 3283 2552 3337 puerorum
2585 3281 2720 3336 pro-

1700 3360 2048 3410 tenatorum,
2076 3365 2193 3418 quae
2220 3341 2554 3416 dependebat
2581 3344 2656 3396 eis
2683 3361 2714 3394 ο,

1697 3440 1936 3496 pectore,
1961 3439 2095 3480 etc.-
2128 3425 2385 3478 Asconius
2413 3421 2712 3475 Pedianus:

1701 3528 1722 3548 ·
1749 3506 1904 3559 Buna
1929 3503 2172 3576 suspendi
2194 3503 2249 3556 in
2270 3502 2410 3556 collo
2430 3502 2718 3555 infantibus

1700 3585 1942 3656 ingenuis
1999 3585 2134 3637 soiet
2192 3601 2378 3650 aurea,
2429 3580 2717 3642 libertinis,

1700 3677 1930 3728 scorteu,
1957 3677 2089 3717 etc.-
2114 3663 2264 3718 Bulla
2293 3659 2466 3714 cordis
2485 3659 2716 3731 effigiem

1700 3743 1976 3796 referebat.
1996 3743 2174 3796 Hum.

1790 3841 1870 3875 ιο.
1922 3823 2106 3874 Eorum
2149 3825 2234 3893 «μα’
2265 3841 2382 3893 equo
2429 3823 2716 3898 meruissent.

1703 3901 1912 3954 Mei-ere
1935 3919 2073 3972 equo
2091 3941 2105 3966 ,
2138 3899 2342 3953 merei-'e
2369 3894 2617 3970 pedibus,
2640 3911 2716 3950 est

1703 3981 1758 4032 in
1775 3981 1958 4034 militia
1985 3981 2240 4033 alterutro
2267 3977 2426 4032 modo
2454 3975 2717 4048 stipendia

1705 4059 1887 4113 fucere.
1911 4057 2095 4111 ΗΑιιυ.
