2975 4684
1042 373 1351 478 mmm
1401 391 1813 479 xxxvu.

2349 405 2499 479 635

374 539 602 611 Indiaae²
608 539 821 672 ‚apud
848 537 1093 610 incolas
1111 542 1391 609 Caucasi
1422 541 1666 609 montis
1695 539 2060 634 Phycaros‚
2097 537 2276 634 apud
2305 541 2504 610 Sacas

374 663 443 716 et
482 633 1251 741 Dahas³,a1nplitudine
1298 648 1694 740 conspicua,
1738 644 1854 715 sed
1891 642 2187 714 fistulosa
2239 669 2316 714 ac
2359 670 2499 715 sor-

374 749 557 822 dium
585 752 796 847 plena.
826 752 1156 822 sincerior
1186 750 1393 821 multo
1426 766 1972 846 praestantiorque
1992 739 2499 821 1n⁴Carmania.

375 859 748 952 Utrobique
781 873 1000 927 autem
1039 859 1107 926 in
1137 858 1410 953 rupibus
1446 859 1636 928 inviis
1674 871 1740 926 et
1785 856 2037 952 gelidis,
2085 855 2258 925 oculi
2287 857 2502 952 figura

374 965 803 1050 extuberanS‚
856 963 1217 1057 leviterque
1264 963 1642 1048 adhaerens,
1678 987 1802 1031 nec
1851 975 1928 1030 ut
1972 977 2212 1057 agnata
2268 963 2502 1057 petriS,

374 1069 489 1140 sed
542 1085 617 1138 ut
656 1073 977 1164 apposita.
1024 1070 1477 1158 Quamobrem
1531 1015 1844 1138 scandere
1894 1067 1980 1135 ad
2031 1090 2180 1136 eam
2235 1070 2499 1163 pigritia

374 1175 617 1270 pedum
665 1190 1001 1271 equestres
1046 1159 1325 1269 populos
1366 1174 1596 1260 taedet‚
1633 1173 1825 1244 simul
1864 1187 1930 1242 et
1961 1171 2328 1267 periculum
2369 1189 2498 1244 ter·

372 1297 493 1350 ret.
521 1283 699 1375 Ergo
722 1281 943 1350 fundis
970 1304 1007 1348 e
1035 1278 1395 1376 longinquo
1423 1284 1797 1366 incessunt,
1827 1293 2066 1348 etcum
2095 1291 2237 1348 toto
2265 1301 2496 1408 mussco
2539 1317 2570 1350 2

375 1388 734 1456 excutiunt.
780 1389 925 1454 Hoc
957 1384 1265 1480 vectigal,
1305 1386 1437 1455 hoe
1480 1401 1580 1456 est
1615 1401 1952 1482 gestamen
1991 1386 2059 1452 in
2080 1359 2392 1454 cervice⁵
2429 1409 2508 1462 ac

376 1491 591 1586 digitis
636 1493 1103 1586 gratissimum.
1162 1494 1287 1561 Hic
1336 1515 1615 1582 census,
1682 1492 1822 1561 haec
1872 1489 2078 1587 gloria
2133 1513 2170 1558 a
2227 1491 2508 1582 pueritia

374 1595 778 1690 dejectorum
809 1621 1157 1664 numerum
1191 1596 1683 1690 praedicantium
1706 1650 1724 1682 ‚
1751 1599 1972 1690 inquo
1995 1597 2180 1664 varia
2210 1594 2498 1664 fortuna.

377 1701 661 1790 Quidam
708 1703 844 1770 ictu
895 1703 1113 1795 primo
1160 1726 1395 1796 cepere
1439 1701 1823 1797 praeclaras,
1879 1700 2070 1770 multi
2119 1699 2507 1770 insectando

373 1806 603 1876 nullas.
642 1810 729 1880 Et
770 1822 1045 1876 venatus
1084 1806 1349 1901 quidem
1376 1807 1664 1877 callaidis
1694 1806 1858 1878 talis.
1901 1811 2176 1877 Sectura
2215 1807 2507 1875 forman-

374 1926 506 1999 tur,
554 1912 711 1982 alias
760 1911 1044 2006 fragiles.
1100 1915 1412 2007 Optimus
1456 1912 1644 1983 color
1697 1899 2073 2007 smaragdi⁶

2103 1938 2119 1979 :
2165 1926 2241 1979 ut
2283 1927 2506 1982 tamen
2546 1923 2578 1977 3

374 2033 676 2112 apparet,
707 2042 787 2086 ex
814 2017 1065 2086 alieno⁷
1100 2032 1198 2087 est
1224 2019 1404 2111 quod
1440 2019 1759 2136 placeant.
1785 2016 2068 2087 Inclusae
2103 2017 2508 2086 decorantur

374 2146 581 2210 auro,
632 2146 999 2217 aurumque
1053 2121 1247 2191 nullae
1303 2127 1512 2219 magis
1562 2123 1817 2193 decent.
1867 2125 2034 2210 Quae
2079 2135 2234 2191 sunt
2275 2145 2504 2190 earum
2619 2187 2628 2196 ,

372 2227 823 2321 pulchriores,
858 2226 1041 2310 oleo,
1067 2243 1430 2322 unguento,
1454 2243 1520 2296 et
1559 2254 1743 2298 mero
1782 2227 2071 2297 colorem
2113 2226 2506 2322 deperdunt.

372 2331 659 2401 Viliores
690 2334 1094 2401 constantius
1127 2320 1683 2427 repraesentant&
1668 2359 1929 2428 :neque
1961 2331 2100 2402 est⁹
2129 2331 2510 2402 imitabilior

458 2545 510 2580 a.
537 2525 657 2577 Post
697 2543 861 2577 aversa
892 2524 1065 2577 India.
1094 2524 1221 2577 Post
1258 2524 1383 2577 ulti-

374 2623 513 2659 mam
538 2603 765 2657 Indiam.
794 2605 973 2657 [laun.

457 2685 511 2737 3.
532 2684 689 2754 Apud
717 2681 871 2736 Sacas
894 2695 947 2735 et
966 2683 1157 2735 Dahas.
1192 2683 1271 2734 De
1303 2682 1388 2735 hia

374 2763 576 2834 egimus
600 2763 695 2815 lib.
728 2763 827 2814 vl.
860 2764 1165 2815 Per-mutato
1194 2762 1385 2814 verbo-

374 2859 493 2894 rum
524 2839 717 2894 ordine
742 2839 797 2890 in
826 2841 952 2910 neg.
978 2853 1029 2892 et
1052 2841 1291 2893 Colbert.
1314 2859 1382 2903 a,

373 2918 527 2971 Sacas
546 2919 681 2989 apud
705 2916 878 2969 Dahas
902 2919 1103 2988 legitur.
1138 2921 1209 2969 At
1232 2919 1287 2970 in
1320 2919 1385 2970 li-

376 2999 487 3051 bris
528 2999 779 3051 hactenus
822 2995 981 3050 editis
1026 3011 1275 3067 corrupte
1322 3015 1385 3050 ex

374 3078 581 3148 gemina
600 3094 729 3128 voce
742 3092 845 3127 una
864 3075 1141 3140 conflatur,
1156 3095 1215 3126 cc
1226 3076 1387 3128 Asda-

376 3171 467 3209 eas.
504 3154 833 3226 Iampridem
874 3156 947 3207 ita
990 3154 1381 3209 emendandum

374 3237 653 3290 Salmasius
670 3251 886 3306 quoque
908 3233 1127 3287 viderat.
1152 3235 1221 3288 Η.

456 3322 508 3377 4.
542 3316 601 3368 In
626 3315 905 3368 Carmania.
936 3314 1023 3367 Sic
1050 3315 1175 3366 libri
1200 3333 1385 3369 omnes

372 3395 603 3467 vulgati,
636 3407 697 3448 ut
736 3393 957 3464 opinor,
989 3405 1145 3446 recte.
1172 3393 1381 3446 Nihilo·

375 3475 548 3527 minus
588 3474 739 3526 MSS.
774 3491 985 3537 omnes,
1012 3475 1061 3525 ae‘n
1098 3473 1382 3528 Germania.

374 3552 520 3617 Quin
564 3566 619 3605 et
654 3551 893 3617 Solinus,
920 3571 1035 3623 cap.
1060 3571 1127 3604 xx
1146 3593 1161 3618 ‚
1188 3571 1243 3622 p.
1277 3560 1343 3616 4¹
1366 3593 1382 3618 ‚

370 3643 649 3703 postquam
705 3632 775 3685 de
816 3633 1031 3685 succino
1082 3632 1383 3685 Germanic

370 3709 507 3779 egit,
535 3737 555 3756 -
574 3712 634 3763 In
650 3710 947 3764 Germaniae
970 3711 1381 3777 continentibus,

372 3787 581 3861 iuquit,
620 3789 845 3844 callaica
889 3792 1181 3861 reperitur,
1222 3809 1383 3862 quam

370 3885 631 3937 gemmam
679 3869 915 3922 Arabicis
970 3882 1318 3940 anteponunt.
1351 3893 1375 3916 ι

372 3945 607 4000 Isidorus
640 3947 785 4014 item,
804 3949 954 4020 Orig.
978 3947 1071 4002 lib.
1094 3949 1255 4014 XVI,
1269 3968 1383 4019 cap.

376 4043 441 4093 7:
470 4053 491 4073 ι
512 4025 753 4078 Nascitur
774 4028 829 4080 in
850 4026 1002 4081 India
1019 4065 1037 4094 ‚
1062 4029 1145 4082 vel
1168 4028 1386 4082 Germa-

1471 2524 1588 2587 nia,
1613 2523 1666 2576 in
1695 2526 1917 2594 rupibus
1935 2523 2122 2596 gelidis
2140 2564 2156 2587 .
2178 2526 2316 2578 oculi
2341 2525 2506 2586 modo
2589 2535 2592 2537 ’

1472 2603 1806 2659 extuberans.
1835 2629 1856 2649 n
1901 2605 2104 2658 Verum
2149 2607 2314 2676 q‘uum
2356 2625 2500 2677 eque·

1470 2694 1591 2733 seres
1597 2682 1800 2749 populos
1811 2683 1998 2733 harum
2015 2701 2342 2751 gemmarum
2359 2703 2510 2738 acru-

1474 2773 1670 2814 tatorea
1698 2759 1901 2812 Plinius
1924 2760 2084 2830 paulo
2109 2780 2234 2814 mox
2251 2765 2508 2832 appellat,

1472 2840 1762 2892 Carmanos
1787 2839 1968 2909 potius
1993 2855 2150 2908 quam
2177 2839 2506 2904 Germanos,

1470 2916 1674 2989 quivis,
1705 2916 1908 2980 credo,
1937 2915 2186 2970 cordatus
2217 2917 2504 2988 intelligat.

1559 2997 1614 3052 5.
1647 2997 1906 3052 Garama
1934 3000 1984 3050 ἱιι
2013 2999 2206 3048 cervice.
2229 2996 2504 3061 Isidorus,

1472 3077 1626 3147 Orig.
1667 3077 1762 3128 lib.
1807 3077 1911 3128 XV
1919 3078 1968 3142 1
1995 3095 2110 3146 cap.
2156 3094 2270 3146 17:
2303 3077 2500 3130 -Nihil

1465 3154 1753 3227 jucundius
1783 3157 1992 3209 aurium
2025 3155 2235 3209 decens.
2258 3181 2281 3202 ι
2328 3157 2500 3210 Βιιοτ.

1549 3238 1602 3288 6.
1634 3235 2060 3304 Coloe-smaragdi.
2081 3235 2268 3301 Qualis
2287 3236 2344 3288 in
2363 3255 2499 3290 sma-

1468 3313 1636 3386 ragdo
1663 3315 1914 3368 cernitur.
1953 3317 2134 3370 Ham).

1553 3413 1606 3464 7.
1637 3395 1724 3446 Ex
1749 3396 1924 3447 alieno.
1951 3397 2030 3448 Ex
2071 3395 2325 3448 accersito
2347 3393 2492 3444 nito·

1468 3493 1532 3527 re
1557 3493 1570 3526 ε
1595 3491 1790 3544 nempe
1835 3493 1898 3528 ex
1942 3495 2074 3528 auro
2119 3493 2230 3546 quo
2274 3470 2493 3524 incluso

1470 3551 1802 3607 decorantur.
1835 3553 2020 3608 lis-nn.

1553 3636 1606 3687 8.
1638 3633 1948 3686 Constantius
1988 3641 2348 3702 reproesentam.
2373 3629 2502 3683 Ser-

1469 3727 1596 3764 vant
1623 3714 1882 3766 colorem.
1911 3713 2096 3766 Banu.

1553 3810 1605 3859 9.
1655 3793 1823 3864 Neque
1853 3805 1926 3843 est
1969 3791 2264 3843 imitabilior.
2300 3789 2492 3856 Neque

1470 3882 1551 3922 est
1578 3871 1683 3924 alia
1729 3889 1966 3944 gemma,
1995 3887 2152 3941 quam
2195 3869 2386 3921 melius
2419 3867 2502 3920 vi·

1473 3961 1614 4002 trum
1633 3952 1856 4004 mentita
1877 3947 2230 4003 similitudine
2243 3947 2500 4001 imitetur.

1473 4025 1655 4082 Haan.
