2975 4684
393 2029 416 2063 1

475 381 616 466 644

1006 386 1084 452 C.
1138 384 1476 453 PLINII
1528 382 1742 452 NAT.
1794 370 2055 450 HI'ST.

474 516 614 585 lens
657 514 852 585 debet
897 538 1040 584 esse
1086 518 1154 584 in
1211 499 1633 611 suspectu²³,-
1660 512 1845 583 velut
1886 538 1968 583 ex
2016 512 2420 585 carbunculo
2478 542 2589 586 re·

471 622 728 716 fulgens
786 620 1050 713 quidam
1103 622 1169 689 in
1219 642 1523 715 purpura
1578 615 1809 689 leviter
1852 644 2079 689 roseus
2134 622 2331 691 nitor.
2390 622 2589 692 Tales

469 726 667 821 aliqui
715 725 970 793 malunt
1018 718 1446 819 paederotas¹⁴
1496 726 1752 811 vocari,
1811 724 1919 794 alii
1972 740 2341 815 anterotas,
2394 726 2589 797 multi

469 832 744 901 Veneris
773 854 1140 924 gemmam,
1169 832 1349 926 quod
1383 831 1664 899 maxime
1691 829 1959 899 videtur
1992 830 2292 901 decere¹
2332 846 2397 901 et
2438 856 2591 925 spe·

467 939 632 1023 cieS,
677 951 746 1006 et
785 935 986 1005 colos.
1025 939 1155 1005 Eas
1194 961 1485 1030 gemmas
1528 934 1917 1029 magorum¹
1922 921 2237 1006 ⁶vanitas
2280 938 2585 1007 resistere

397 1061 433 1119 4
467 1043 766 1112 ebrietati
803 1042 1168 1135 promittit,
1199 1057 1268 1111 et
1302 1043 1454 1112 inde
1485 1038 1841 1135 appellatas
1861 1038 1933 1107 ¹.⁷
1966 1045 2287 1111 Praeterea
2316 1044 2370 1112 si
2407 1043 2585 1112 lunae

465 1172 708 1217 nomen
751 1162 867 1216 aut
901 1145 1054 1217 solis
1091 1149 1415 1217 inseratur
1455 1150 1525 1215 in
1568 1148 1678 1231 iis,
1718 1160 1917 1241 atque
1961 1148 2053 1215 ita
2095 1148 2585 1242 suspendantur

465 1253 636 1323 collo
679 1276 717 1321 e
768 1252 1022 1347 capillis
1065 1251 1535 1348 cynocephali,
1582 1250 1688 1319 vel
1731 1250 1970 1345 plumis
2023 1252 2419 1340 hirundinis,
2476 1278 2583 1321 re·

465 1363 698 1429 sistere
723 1357 1069 1427 veneficiis.
1101 1362 1248 1427 Jam
1285 1382 1549 1453 quoque
1576 1357 1803 1426 adesse
1830 1382 2018 1452 reges
2046 1358 2338 1429 adituris.
2374 1362 2584 1429 Gran-

463 1466 684 1535 diuem
737 1479 1033 1533 avertere
1053 1515 1072 1548 ,
1125 1480 1194 1534 et
1247 1463 1563 1549 locustaS,
1623 1464 2002 1557 precatione
2068 1462 2325 1548 addita,
2380 1488 2579 1559 quam

460 1571 938 1641 demonstrant.
991 1570 1163 1639 Nam
1211 1570 1571 1665 smaragdis
1611 1593 1871 1663 quoque
1913 1568 2146 1640 similia
2184 1572 2582 1665 promisere,

465 1680 518 1747 si
555 1674 786 1773 aquilae
825 1675 1296 1771 scalperentur,
1349 1691 1466 1745 aut
1506 1673 1815 1745 scarabaei
1851 1699 1868 1741 ε
1914 1700 2059 1769 quae
2098 1675 2362 1769 quidem
2406 1678 2581 1745 seri-

459 1786 664 1878 psisse
705 1808 820 1852 eos
873 1806 1008 1852 non
1045 1783 1183 1852 sine
1227 1796 1614 1873 contemptu
1658 1794 1728 1849 et
1775 1780 1967 1848 irrisu
2008 1783 2263 1875 generis
2304 1780 2583 1849 humani

458 1890 760 1959 arbitror.

563 1986 742 2065 XLI.
780 1993 1070 2063 Multum
1101 1966 1200 2062 ab.
1220 2019 1298 2063 ea
1332 1994 1533 2063 distat
1558 1987 1953 2086 hyacinthos
1974 1990 2019 2076 ¹,
2048 2006 2267 2061 tamen
2294 2017 2331 2061 e
2356 1990 2581 2063 vicino

452 2184 574 2221 cum
605 2164 758 2217 aliter
789 2162 950 2215 vertit
975 2161 1160 2216 doctus
1192 2163 1470 2233 interpres.

451 2246 630 2297 Hum.

537 2322 624 2375 13.
657 2322 718 2373 In
747 2332 982 2391 suspectu.
1017 2320 1197 2384 Quum
1231 2317 1470 2372 sublimis

449 2401 732 2473 aspicitur:
753 2400 915 2452 veluti
937 2398 981 2451 si
1007 2412 1132 2453 tunc
1154 2416 1224 2450 ex
1245 2399 1471 2451 carbun-

449 2482 571 2535 culo
599 2479 881 2549 refulgeret
907 2479 1054 2531 nitor
1079 2495 1202 2530 cum
1232 2496 1468 2549 purpura

445 2579 644 2615 roseus.
681 2557 926 2611 Occurrit
955 2575 1058 2611 vox
1084 2575 1143 2609 ea
1173 2559 1282 2628 jam
1309 2575 1466 2628 supe·
1492 2588 1495 2593 -

445 2640 582 2705 rius,
609 2639 704 2693 lib.
733 2637 896 2703 XXI,
921 2654 1036 2709 cap.
1073 2654 1166 2689 aa.
1191 2634 1372 2690 Hum.

531 2726 618 2785 14.
665 2716 962 2770 Paedemeas.
1003 2713 1163 2782 Quod
1211 2734 1240 2767 a
1283 2716 1464 2785 pueris

445 2812 707 2862 amentur,
728 2798 811 2851 vel
835 2794 982 2867 quod
1005 2796 1099 2869 qui
1117 2808 1322 2866 gestant
1341 2812 1466 2865 pue·

444 2880 520 2933 ris
553 2877 800 2931 amabiles
832 2888 954 2929 sunt
981 2894 996 2929 :
1026 2885 1298 2934 antei-otas
1317 2870 1464 2945 quod

445 2972 686 3017 mutuum
725 2973 956 3010 amorem
985 2951 1288 3006 concilient.
1323 2953 1462 3008 Du..

443 3070 522 3083 --
553 3038 846 3088 Pado-otas.
875 3028 1199 3101 Παιδίρωτας
1231 3044 1282 3083 et
1317 3031 1460 3083 ἀντί·

442 3136 632 3187 ρωτας,
663 3110 808 3184 quod
839 3129 987 3181 atque
1015 3110 1224 3162 venusti
1252 3109 1356 3163 sint
1383 3122 1462 3162 at-

441 3214 549 3265 que
601 3192 824 3263 puelluli
847 3227 864 3252 ,
921 3190 1086 3241 immo
1139 3202 1294 3260 atque
1349 3189 1460 3259 ipse

441 3278 627 3327 Amor.
665 3271 805 3323 Hinc
835 3266 976 3339 apud
998 3268 1290 3338 Vopiscum
1325 3268 1460 3341 Oxy-

433 3353 758 3423 poedemtinus
779 3350 927 3412 color,
945 3348 1112 3419 qualia
1128 3349 1380 3401 nimirum
1401 3348 1458 3399 in

437 3430 705 3501 paederote
729 3445 934 3500 gemma
953 3465 967 3490 ‚
1000 3440 1046 3479 et
1075 3427 1312 3479 intensus
1339 3426 1456 3499 qui·

438 3512 590 3573 dem,
627 3509 683 3563 id
705 3508 847 3561 enim
875 3506 979 3569 ὀξὺς
1019 3517 1192 3570 sonat,
1223 3506 1362 3571 sive,
1395 3517 1456 3558 ut

436 3592 641 3645 Plinius
674 3590 789 3661 ipse
815 3587 886 3639 ait
921 3586 1076 3657 plane
1101 3582 1286 3647 modo,
1323 3602 1456 3654 prae·

435 3671 629 3723 cellens
671 3670 728 3721 in
775 3677 1051 3737 suspectu,
1092 3674 1146 3715 et
1188 3663 1352 3715 veluti
1392 3681 1454 3716 ex

435 3749 764 3803 carbunculo
813 3744 1130 3817 profulgeat
1177 3743 1331 3796 color
1368 3760 1458 3795 ro-

434 3846 551 3882 seus
572 3867 587 3892 ,
615 3844 850 3898 purpura
878 3824 1070 3880 leviten
1101 3820 1307 3873 mixtus.
1345 3820 1411 3872 H.

520 3925 542 3959 1
557 3908 609 3959 5.
643 3906 793 3975 Quod
821 3907 1026 3956 maxim
1065 3900 1254 3955 videtur
1273 3900 1453 3953 decem.

430 3984 572 4051 Lege
594 4002 608 4035 :
639 4010 660 4033 ι
684 3982 845 4047 Quod
877 3981 1103 4035 maxime
1129 3978 1338 4033 videtur
1360 3978 1452 4033 de-

1558 2156 1681 2217 cere
1698 2176 1752 2216 et
1770 2164 1970 2235 speeies
1986 2176 2041 2218 et
2056 2166 2225 2219 colos:
2245 2183 2328 2217 eas
2346 2183 2585 2235 gemmas

1557 2260 1832 2311 magorum
1850 2244 2053 2297 vanitas
2075 2245 2312 2299 resistere
2334 2243 2581 2299 ebrietati

1556 2322 1835 2391 promittit.
1867 2347 1889 2369 ¹·
1922 2323 2093 2377 Sant-
2116 2356 2193 2365 -—
2214 2324 2287 2375 Et
2308 2327 2509 2393 species,
2528 2338 2581 2376 et

1556 2401 1699 2453 colos.
1720 2403 1823 2454 Eas
1830 2421 2053 2471 gemmas.
2072 2404 2159 2456 Sic
2170 2404 2581 2474 ussqaroxime

1554 2481 1821 2550 appellati.
1846 2482 1999 2533 Prius
2018 2482 2195 2550 inepte
2218 2499 2233 2532 :
2262 2506 2284 2527 ι
2313 2483 2381 2535 Et
2403 2482 2579 2552 specie

1560 2572 1614 2612 et
1638 2560 1816 2613 colore
1850 2572 2081 2611 extremo
2110 2576 2353 2628 gemma.
2393 2560 2581 2632 Mago·

1559 2658 1777 2691 rutum..
1807 2637 2043 2704 ebrietati
2074 2654 2183 2700 eas,
2215 2650 2316 2691 etc.
2357 2663 2380 2685 ι
2414 2638 2481 2691 Η.

1586 2730 1594 2740 ·
1644 2720 1731 2771 16.
1772 2716 2043 2787 Magorum.
2089 2716 2437 2781 Muluiana,
2475 2717 2571 2773 lib.

1552 2795 1623 2853 de
1666 2793 1852 2866 Lepid.
1886 2809 2023 2867 pret.
2062 2814 2177 2867 cap.
2231 2801 2286 2857 4.
2328 2796 2582 2852 Albertus

1554 2876 1777 2945 Magnus
1795 2908 1811 2935 ‚
1838 2873 1904 2928 de
1924 2875 2118 2929 Miner.
2136 2874 2230 2929 lib.
2255 2876 2327 2939 11,
2352 2892 2407 2946 p.
2438 2878 2572 2939 228,

1551 2952 1620 3007 de
1650 2955 1942 3024 amethysto
1983 2972 1998 3006 :
2042 2980 2065 3002 ι
2098 2954 2361 3026 Operatur
2387 2966 2574 3009 autem

1548 3046 1737 3086 contra
1764 3033 2101 3095 ebrietatem,
2128 3046 2187 3085 ut
2214 3031 2345 3086 dicit
2376 3034 2578 3099 Aaron,

1550 3124 1603 3165 et
1620 3112 1747 3165 facit
1774 3112 1985 3182 vigilem
2005 3150 2022 3176 ,
2044 3124 2147 3165 etc.
2178 3136 2201 3159 υ
2229 3112 2409 3165 nnn.

1633 3209 1723 3260 ¹7·
1761 3192 1879 3243 Inde
1916 3192 2199 3260 appellatas.
2251 3191 2363 3242 Alia
2406 3191 2573 3262 paulo

1546 3282 1665 3322 ante
1690 3268 1922 3322 nominis
1944 3269 2309 3340 interpretatio
2326 3267 2567 3332 reddita,

1544 3345 1691 3419 quod
1717 3347 1787 3402 ad
1827 3349 1937 3402 vini
1964 3350 2195 3402 colorem
2224 3346 2559 3405 accedentes.

1544 3446 1610 3479 eo
1628 3446 1844 3497 prorsus
1868 3426 2173 3492 inebriata,
2200 3439 2359 3500 atque
2392 3440 2568 3481 temu-

1543 3506 1698 3559 lenta
1720 3526 1827 3560 uon
1861 3508 1992 3571 sint,
2020 3506 2113 3559 sed
2143 3507 2329 3560 leviter
2359 3519 2567 3561 tantum

1543 3584 1883 3657 degustat-int.
1916 3586 2116 3641 Dium.

1622 3664 1763 3718 XLI.
1790 3684 1839 3718 1.
1860 3667 2178 3736 Hyacinthos.
2208 3652 2425 3724 Ῠώιινθος
2440 3683 2571 3729 ,σου

1541 3743 1658 3797 lore
1696 3745 2107 3816 subpurpureo,
2140 3745 2567 3813 δποπορφυρίζων,

1540 3823 1719 3893 inquit
1755 3823 2115 3896 Epiphanius,
2150 3840 2203 3892 p.
2250 3823 2383 3877 228.
2424 3820 2567 3892 Hya·

1542 3900 1779 3955 cinthum
1806 3922 1871 3956 ex
1894 3902 2209 3956 rabinorum
2231 3918 2341 3953 esse
2368 3919 2567 3971 genere

1539 3978 1757 4052 quidam
1810 3981 2030 4047 volunt,
2076 3992 2139 4033 ut
2190 3968 2561 4035 animadvef'tit
