2975 4684
1059 306 1779 383 LIBER·xxxv1.

2352 310 2478 381 551

369 444 440 509 in
481 436 778 532 albariis,
831 426 1084 539 sigillis⁸
1140 442 1567 515 aedificiorum
1612 459 1681 514 et
1720 438 2017 513 coronis⁹
2056 443 2488 537 gratissimus.

367 548 758 644 Exemplum
787 548 1040 620 illustre
1064 604 1084 638 ,
1119 553 1196 621 C.
1227 550 1643 621 Proculeium
1663 548 1713 573 ¹⁰
1735 602 1755 637 ,
1786 550 2067 643 Augusti
2088 552 2365 619 Caesaris
2400 550 2493 621 fa-

370 653 742 724 miliaritate
781 655 1132 726 subnixum
1149 710 1168 743 ‚
1215 659 1286 725 in
1325 659 1612 727 maximo
1654 655 1975 728 stomachi
2018 654 2247 725 dolore
2282 681 2491 751 gypso

367 758 613 853 poto⁸¹,
649 763 1042 833 conscivisse
1073 764 1196 832 sibi
1230 777 1535 833 mortem.

472 867 620 936 LX.
663 857 892 962 (xxv.)
939 870 1324 940 Pavimenta
1358 870 1681 965 originem
1720 865 1899 961 apud
1942 868 2211 937 Graecos
2242 866 2491 938 habent
2534 894 2555 927 1

366 969 698 1043 elaborata
721 988 897 1061 arte,
923 976 1198 1068 picturae
1213 978 1503 1061 ratione,
1519 974 1729 1043 donec
1754 970 2165 1041 lithostrota¹
2183 974 2491 1067 expulere

365 1100 532 1146 eam.
569 1078 1058 1150 Celeberrimus
1093 1081 1272 1150 fuit
1255 1106 1324 1149 m
1349 1082 1480 1149 hoc
1518 1103 1759 1175 genere
1794 1079 2027 1163 Sosus,
2023 1078 2167 1206 3qui
2186 1079 2491 1173 Pergami

367 1186 600 1253 stravit
616 1210 816 1279 quem
837 1200 1083 1255 vocant
1103 1202 1414 1256 asaroton
1439 1184 1655 1256 oecon'
1662 1236 1681 1270 ‚
1708 1166 2047 1277 quonian?
2058 1201 2493 1277 purgamenta

365 1400 463 1451 lib.
491 1400 650 1453 XXX
673 1438 689 1465 ,
725 1418 842 1471 cap.
896 1402 962 1455 13
985 1419 1002 1466 ς
1029 1400 1380 1465 Politianum,

367 1476 591 1531 Miscell.
607 1496 725 1550 cop.
741 1496 924 1545 xxv113
949 1481 1225 1533 Muretum
1240 1518 1258 1545 ‚
1279 1483 1388 1535 Va-

367 1555 493 1608 riar.
519 1557 616 1609 lib.
637 1558 804 1622 vm,
825 1576 940 1628 cap.
975 1578 1064 1629 17.
1089 1561 1228 1613 Du..

451 1637 504 1688 Β.
523 1634 730 1705 Siga'llae's.
753 1637 938 1690 Parsis
954 1639 1144 1710 signis,
1169 1657 1260 1692 seu
1282 1652 1386 1693 sta-

369 1713 504 1776 tuis,
533 1727 587 1768 et
611 1716 917 1771 simulacris.
947 1715 1130 1769 lium.

450 1814 500 1861 9.
550 1794 753 1847 Coronis
801 1799 1118 1865 gratissimus.
1162 1798 1390 1851 Coronis

367 1871 642 1927 admisceri
663 1874 914 1945 prohibet
936 1876 1234 1941 Vitruvius,
1245 1877 1356 1931 VH
1369 1917 1386 1943 ,

360 1970 482 2022 eap-
508 1953 562 2005 3.
585 1954 726 2006 Du..
743 1983 824 1996 —-
841 1954 918 2005 Ee
935 1960 1135 2007 comnis.
1163 1956 1388 2008 Coroni·

361 2029 490 2083 dem
533 2044 790 2085 nostrates
815 2046 1008 2086 vocant
1026 2072 1042 2099 ,
1073 2034 1124 2085 la
1149 2036 1386 2087 eor-nich«.

365 2107 510 2163 vide
527 2109 750 2165 Baldum
770 2150 786 2177 ‚
809 2108 876 2165 de
894 2113 1116 2183 signific.
1137 2113 1388 2168 Vocabu-

366 2190 548 2241 lorum
568 2191 934 2245 Vitrnvianor.
963 2193 1128 2246 verbo
1149 2231 1166 2258 ,
1189 2212 1382 2247 corona.

368 2268 666 2323 Coronides
683 2288 756 2323 eas
773 2282 897 2323 sunt
907 2270 966 2323 in
984 2273 1388 2341 contignationi·

367 2346 470 2399 bus
484 2349 812 2411 ,ornamenti
831 2350 997 2419 magis
1019 2369 1173 2404 cansa
1187 2386 1204 2413 ,
1225 2370 1386 2422 quam

367 2427 704 2481 necessitatis.
721 2424 906 2480 HAnn.

455 2524 544 2559 ιο.
583 2507 646 2561 C.
688 2508 1010 2561 Pmouteium.
1051 2509 1274 2579 Egimus
1319 2507 1388 2562 de

367 2602 434 2637 eo
461 2586 556 2638 lib.
579 2586 723 2652 VII,
748 2604 864 2658 cup.
897 2592 991 2651 46.
1021 2586 1202 2642 Rutu.

455 2682 480 2715 1
496 2682 544 2717 1.
562 2664 874 2737 Gypsopoto.
898 2667 1144 2739 Gypsum
1168 2680 1388 2741 epotum

370 2743 694 2812 strangulare
721 2744 904 2797 scribit
921 2746 1122 2815 pariter
1165 2747 1390 2799 Diosco-

369 2818 542 2884 rides,
560 2821 654 2875 lib.
673 2824 747 2887 V,
767 2840 884 2892 cap.
919 2842 943 2876 1
957 2824 1028 2887 34
1055 2844 1068 2873 =
1091 2828 1308 2877 Ποθιῖσα
1330 2820 1390 2877 δὲ

370 2900 533 2969 πνίγει
560 2907 632 2971 τῷ
661 2898 794 2953 κατὰ
817 2907 1024 2973 mini-bv
1052 2904 1233 2975 τρόπῳ.
1257 2904 1326 2957 Η.

451 2980 568 3033 Lx.
611 2998 662 3033 1.
711 2978 878 3033 Donec
917 2982 1204 3037 lithostrota.
1249 2984 1392 3036 Διθό·

372 3078 574 3130 στρατω
591 3098 608 3123 ,
639 3058 878 3128 lapidibus
897 3074 1054 3115 :emta
1069 3100 1089 3127 ‚
1113 3062 1389 3134 significat.

371 3136 670 3191 Pavimenti
693 3158 890 3209 genus,
921 3154 1050 3197 teste
1077 3142 1206 3197 Isid.
1240 3142 1389 3215 Orig.

371 3217 464 3271 lib.
491 3218 620 3282 XV,
639 3236 756 3289 cap.
785 3222 818 3273 8
835 3256 854 3283 ‚
881 3239 912 3273 e
937 3222 1172 3291 parvulis
1187 3222 1393 3287 crustis,

371 3298 700 3369 tessellisque
724 3298 902 3353 tinctis
938 3300 994 3351 in
1035 3302 1208 3354 varios
1247 3300 1392 3353 colo-

370 3394 474 3431 res.
497 3376 587 3430 Sic
613 3376 778 3431 modo
799 3391 851 3432 et
869 3398 900 3433 e
916 3380 1078 3433 latere
1098 3379 1303 3444 coctili,
1319 3390 1394 3433 et·

372 3474 478 3527 que
505 3455 638 3510 adeo
664 3475 695 3509 e
722 3457 870 3550 ligno
897 3459 1036 3512 finnt
1060 3460 1220 3513 variis
1255 3458 1392 3530 fign-

371 3536 445 3589 ris
472 3536 674 3591 sectilia
695 3538 1014 3607 pavimenta.
1049 3538 1097 3593 N
1101 3558 1206 3593 unc
1233 3540 1392 3609 vulgo

375 3614 607 3669 Massica
619 3630 951 3689 nuncupant.
970 3618 1154 3672 Hsnn.

462 3714 510 3747 ο.
555 3695 808 3749 Asamum
845 3718 994 3751 oecon.
1034 3688 1300 3769 Ᾰσάρωτος
1333 3692 1398 3750 οἶ-

376 3790 460 3832 κος
489 3771 709 3829 domum
750 3790 938 3843 sonat,
980 3796 1139 3849 qnam
1185 3794 1398 3831 verrere

377 3853 552 3923 scopis
571 3857 892 3923 «omiserint,
931 3856 998 3910 cb
1043 3877 1076 3910 α
1107 3870 1163 3911 et
1201 3857 1394 3929 σαίρω·
1378 3894 1393 3908 .

380 3950 504 3985 uam
529 3932 584 3985 in
611 3934 674 3989 iis
701 3936 1021 4007 pavimentis
1039 3935 1192 4010 quasi
1210 3954 1400 4010 purga-

1473 1362 1651 1455 menta
1664 1418 1824 1455 coenae
1837 1399 2207 1455 remansissent
2217 1400 2367 1453 humi
2382 1441 2399 1465 ,
2418 1402 2493 1457 sic

1470 1495 1621 1535 erant
1646 1480 1871 1551 depicta.
1902 1476 1996 1531 Usi
2033 1478 2131 1533 huc
2160 1498 2297 1541 ,voce
2338 1479 2495 1534 Sido-

1387 1576 1392 1583 ·
1468 1561 1623 1626 nius,
1650 1560 1861 1630 aliique.
1902 1558 2157 1629 Papinius
2182 1558 2239 1609 in
2268 1560 2456 1628 primis
2478 1599 2494 1625 ,

1469 1638 1565 1693 lib.
1582 1642 1611 1692 1
1632 1638 1761 1693 silv.
1780 1639 1869 1691 ubi
1890 1638 1965 1691 sic
1992 1638 2135 1691 canit
2156 1658 2169 1688 =
2202 1663 2225 1683 ι
2243 1640 2385 1690 Dum
2408 1656 2496 1691 vs-

1473 1717 1877 1791 3or'adspectu‚
1910 1716 2165 1789 visusque
2187 1735 2285 1788 per
2318 1718 2495 1770 omnia

1469 1796 1639 1862 duco,
1669 1798 1951 1852 calcabam
1978 1814 2076 1849 nec
2107 1796 2305 1867 opinus
2346 1815 2493 1867 opes.

1445 1878 1607 1941 ⁶Nam
1634 1874 1889 1947 splendor
1918 1876 1987 1929 ab
2018 1875 2125 1928 alto
2158 1874 2408 1939 Defluus,
2440 1888 2495 1929 et
2580 1907 2587 1922 ·

1468 1954 1704 2009 nitidum
1724 1957 2011 2009 referentes
2032 1972 2150 2008 sera
2180 1966 2323 2007 testa
2344 1956 2495 2007 Mou-

1466 2046 1697 2088 sti-avere
1716 2035 1907 2099 solum,
1920 2034 2091 2087 varias
2114 2032 2208 2086 ubi
2237 2034 2378 2108 picta
2396 2052 2494 2105 per
2578 2074 2593 2093 ,

1469 2126 1607 2167 artes
1632 2112 1845 2167 Gaudet
1867 2114 2092 2176 humus,
2136 2112 2494 2183 suberantque

1468 2194 1623 2247 novis
1654 2206 1855 2247 asarota
1892 2192 2091 2263 figuris.
2118 2218 2139 2239 ·
2189 2192 2304 2245 Hoc
2337 2204 2493 2263 poeta

1468 2272 1729 2344 significat
1770 2292 1784 2323 =
1823 2284 1929 2325 tam
1970 2271 2143 2325 solum
2184 2270 2494 2324 nisi-morsis

1469 2350 1687 2405 tessellis
1706 2352 1911 2421 pictum
1937 2368 1999 2403 ac
2018 2350 2341 2420 variegatam
2366 2349 2493 2401 fuis·

1471 2448 1555 2493 se,
1568 2448 1727 2500 quam
1746 2442 1942 2483 tectum
1961 2428 2137 2501 ipsum
2150 2446 2213 2483 ac
2234 2428 2493 2482 fornicem

1471 2505 1753 2578 pellucidis
1776 2528 1839 2562 uc
1882 2506 2317 2578 splendidissimis
2346 2508 2493 2561 testis

1473 2584 1766 2640 obductum
1794 2604 1806 2639 :
1832 2606 1863 2641 a
1884 2587 2080 2658 quibus
2103 2587 2191 2639 lux
2216 2586 2492 2658 splendor-

1473 2684 1579 2737 que
1594 2666 1753 2735 longe
1770 2666 1979 2737 lateque
1991 2664 2391 2736 quodammodo
2404 2666 2495 2721 de-

1473 2744 1681 2797 flueret.
1720 2744 1824 2798 Eas
1852 2762 2015 2815 porro
2042 2742 2341 2798 nitidissimi
2371 2765 2492 2818 spe·

1474 2824 1585 2878 culi
1616 2841 1765 2877 more
1810 2820 2077 2894 modoque
2116 2822 2401 2893 pavimenti
2431 2824 2494 2877 fi-

1473 2921 1656 2975 gures,
1680 2914 1837 2974 atque
1857 2915 2058 2956 asarota
2080 2915 2491 2973 representasse.

1473 2984 1661 3049 Quum
1704 2982 1869 3052 igitur
1912 3000 1977 3035 eo
2014 2982 2341 3053 pervenisset
2378 2984 2492 3037 Sta·

1475 3062 1585 3116 tius
1610 3101 1625 3124 ‚
1683 3074 1843 3132 etque
1892 3061 2073 3115 oculos
2113 3061 2221 3115 buc
2266 3061 2497 3135 illucque

1475 3140 1928 3205 circumduceret,
1970 3140 2199 3195 necdum
2228 3140 2295 3195 nd
2321 3144 2495 3197 solum

1475 3221 1661 3275 oculos
1702 3220 1969 3293 adjecisset
1990 3258 2007 3283 ,
2047 3240 2155 3274 non
2198 3234 2321 3275 ante
2364 3219 2495 3292 quid

1475 3300 1699 3354 calcaret
1780 3300 2211 3354 animadvertisse
2234 3339 2250 3366 ,
2334 3318 2497 3370 quam

1474 3379 1691 3434 sublatis
1714 3380 1881 3433 oculis
1909 3382 2267 3452 pavimentum
2298 3397 2396 3449 per
2424 3390 2497 3430 te-

1476 3461 1639 3513 stulas
1673 3460 1788 3513 illas
1831 3463 2194 3531 transpiceret.
2224 3457 2303 3509 Ita
2343 3455 2499 3513 Petn-

1479 3540 1597 3591 vius
1608 3539 1665 3592 in
1676 3539 1817 3593 notis
1828 3537 1897 3592 ad
1910 3540 2205 3594 orationem
2219 3534 2501 3589 Themistii

1481 3619 1707 3685 XVIII,
1734 3638 1787 3690 p.
1817 3620 1949 3681 486.
1976 3618 2161 3670 Han.

1566 3698 1619 3753 3.
1654 3698 1893 3769 Quoniam
1913 3705 2249 3766 purgamenta.
2285 3692 2501 3749 Inerant

1483 3788 1539 3830 et
1560 3778 1673 3831 alio
1702 3777 1883 3847 figura
1916 3775 1991 3827 ibi
2016 3774 2206 3846 picto,
2232 3785 2295 3825 ut
2321 3790 2385 3827 ex
2424 3793 2502 3826 se·

1485 3858 1773 3929 quentibus
1788 3853 2133 3924 intelligetur:
2150 3852 2395 3906 mirabilis
2414 3854 2499 3919 ibi,

1485 3948 1591 3991 etc.
1614 3936 1683 3989 H.
1709 3968 1785 3979 —
1812 3935 1862 3987 E
1865 3936 1999 3987 verri.
2028 3932 2176 3987 Brot.
2206 3936 2346 3985 verri.
2368 3934 2469 3995 En,

2134 4027 2255 4100 35⁴
