2975 4684
1048 383 1347 450 LIBER
1410 383 1814 452 XXXVII.

2353 375 2486 474 591

377 533 609 646 atque
604 514 997 586 considere
980 539 1047 584 m
1075 515 1289 584 vado:
1328 513 1508 633 quod
1537 513 1790 582 arboris
1823 535 2092 580 succum
2124 535 2264 580 esse
2294 513 2494 605 prisci

379 609 609 692 nostri⁵
613 607 1046 708 ⁵credidere‚
1078 621 1165 688 ob
1195 619 1261 688 id
1289 621 1630 690 succinum
1663 615 2083 712 appellantes.
2130 618 2346 686 Pineae
2385 642 2497 686 au·
2539 646 2598 680 12

378 743 509 798 tem
538 728 789 796 arboris
816 751 955 796 esse
990 725 1232 855 indicio⁵
1236 741 1357 854 6est
1384 727 1619 820 pineus
1649 725 1718 792 in
1745 725 1972 792 attritu
2004 722 2192 807 odor,
2221 736 2288 790 et
2317 701 2494 816 quod

378 859 727 904 accensum
782 831 947 902 tedae
998 815 1261 902 ιῐιοᾶο56
1304 857 1381 900 ac
1445 830 1676 900 nidore
1733 829 1984 922 flagret.
2027 828 2417 898 Affirmatur
2457 855 2496 900 a

377 941 725 1008 Germanis
774 937 919 1008 ideo
955 939 1235 1008 maxime
1279 937 1635 1032 appetitam
1685 935 2094 1030 provinciam
2110 919 2210 973 ⁵⁷
2195 949 2312 1004 -et
2345 935 2498 1004 inde

375 1157 513 1210 inter
550 1153 681 1210 vada
726 1155 997 1208 succinum
1038 1153 1149 1226 peti
1192 1154 1281 1206 ait.
1324 1151 1389 1204 H.

459 1235 548 1288 55.
617 1235 767 1304 Quod
814 1234 997 1286 arboris
1054 1251 1243 1284 succum
1296 1251 1395 1282 esse

368 1317 520 1383 prisci
549 1317 713 1366 nostri.
758 1313 959 1364 Priscos
996 1311 1113 1362 illos
1142 1323 1395 1381 sequutus

375 1406 454 1446 est
471 1395 651 1463 Nepos
672 1391 949 1444 Cornelius
966 1429 983 1455 ‚
1004 1390 1081 1444 uti
1104 1407 1167 1441 ex
1192 1389 1397 1443 Cassio-

375 1471 509 1524 ἀοι-ο
562 1469 901 1538 intelligimus
928 1507 944 1534 ,
990 1469 1119 1520 Var.
1170 1468 1265 1520 lib.
1318 1468 1393 1529 V,

376 1551 529 1620 epist.
551 1571 601 1601 α.
638 1547 848 1600 Solinus
872 1547 972 1598 loc.
1002 1547 1091 1600 cit.
1122 1571 1143 1593 ι
1169 1545 1393 1598 Succum

375 1647 485 1681 esse
528 1626 731 1681 arboris
769 1623 837 1677 de
878 1627 1103 1677 nominis
1136 1620 1395 1694 significa·

374 1707 519 1760 tione
556 1721 789 1776 capessas
818 1723 831 1754 z
858 1721 1043 1756 verum
1087 1703 1229 1758 unde
1268 1724 1395 1775 pro-

376 1784 524 1851 fluit,
552 1786 595 1838 si
642 1783 849 1848 usseris,
882 1781 1019 1836 odor
1059 1781 1329 1836 indicabit.
1364 1808 1385 1828 ι

376 1865 444 1917 H.
470 1897 553 1906 —
581 1863 731 1933 Quod
756 1863 944 1914 arboris
982 1881 1185 1914 succum.
1229 1863 1315 1916 Sic
1340 1873 1394 1914 et

374 1943 505 1997 edit.
544 1943 719 2016 princ.
765 1941 913 1994 Brot.
951 1959 1010 1993 ex
1040 1941 1196 2016 MSS.
1232 1943 1389 2012 Regg.

374 2023 581 2074 Arboris
628 2041 849 2082 succum‚·
896 2037 1085 2089 nempe
1139 2027 1209 2090 τῷ
1265 2021 1397 2092 quod

373 2102 584 2154 omisso.
615 2101 721 2153 En.

455 2182 549 2234 56.
594 2180 744 2249 Quod
782 2197 1026 2230 accensum
1072 2177 1193 2228 tedoe
1231 2178 1385 2230 modo.

372 2257 505 2313 Inde
533 2259 763 2311 fortassis
793 2257 1045 2309 Germani
1078 2256 1267 2308 hrasten
1296 2277 1389 2308 vo·

372 2351 517 2398 cant,
542 2335 687 2407 quod
708 2354 985 2389 accensum
1008 2347 1059 2387 et
1082 2333 1387 2388 nidorosum

370 2417 643 2486 significat.
677 2417 811 2467 Du..
840 2443 920 2454 -
948 2415 1021 2465 Ee
1059 2415 1189 2484 quod
1224 2430 1391 2464 aecen-

370 2515 491 2550 σωκ.
513 2495 755 2554 Tacitae,
787 2495 885 2546 loc.
912 2493 1001 2544 cit.
1026 2518 1045 2538 ιι
1074 2491 1127 2546 Si
1150 2503 1389 2544 naturam

371 2575 569 2629 succini
592 2573 807 2626 admoto
830 2572 951 2643 igne
978 2583 1169 2634 tentes,
1196 2570 1249 2621 in
1281 2590 1393 2624 mo-

371 2651 499 2706 dum
522 2653 657 2706 tedae
672 2651 985 2706 accenditur
1003 2651 1231 2720 :alitque
1250 2649 1393 2702 flam-

371 2751 510 2784 mam
548 2733 797 2804 pinguem
842 2743 895 2784 et
938 2731 1167 2782 olentem
1211 2748 1224 2778 :
1270 2748 1389 2781 mox

374 2823 433 2862 ut
476 2810 529 2860 in
574 2811 739 2880 picem
788 2811 1079 2860 resinamve
1124 2807 1390 2874 lentescit,

372 2901 473 2942 etc.
510 2911 531 2934 n
570 2889 749 2940 Haut).

456 2967 551 3037 57.
596 2964 893 3034 Affirmatur
921 2985 951 3014 a
994 2963 1249 3018 Germanis
1286 2965 1391 3018 ideo

372 3049 575 3098 mam'me
621 3047 877 3116 appetitam
918 3047 1207 3114 provinciam
1224 3085 1241 3107 ‚
1289 3057 1391 3100 etc.

374 3127 599 3198 Propter
623 3122 913 3176 succinum.
938 3123 1101 3176 Notat
1123 3124 1387 3178 luxuriam

370 3224 584 3260 auorum
618 3217 935 3274 temporum.
964 3203 1075 3254 Nec
1100 3203 1350 3274 syllabam
1368 3245 1383 3267 ,

370 3303 469 3338 nec
510 3284 715 3356 apicem
762 3279 977 3353 quidem
1020 3284 1387 3352 manuscriptis

369 3363 643 3418 codicibus
672 3363 797 3432 Reg.
825 3380 852 3412 2
875 3401 889 3426 ,
913 3361 1067 3414 Colb.
1092 3363 1145 3421 3.
1168 3362 1386 3434 aliisque

368 3443 643 3514 adjicimus
689 3453 777 3494 aut
819 3439 1159 3494 detrahimus.
1195 3441 1385 3494 Fecere

370 3521 425 3574 id
456 3521 732 3582 audacius,
765 3521 857 3592 qui
886 3519 1115 3572 Plinium
1150 3533 1238 3572 aut
1274 3519 1386 3573 edi-

368 3599 493 3652 dere
511 3602 766 3670 primum,
781 3612 873 3652 aut
891 3597 1172 3651 emendare
1192 3599 1384 3653 deinde

368 3681 538 3732 conati
596 3693 734 3732 sunt.
794 3678 1087 3730 Parmensis
1142 3677 1304 3732 editio
1366 3700 1378 3731 ε

370 3780 391 3800 ·
420 3757 660 3811 Affertur
698 3778 727 3812 a
772 3755 1046 3809 Germanis
1082 3758 1133 3808 in
1172 3758 1383 3810 Panno·

368 3835 543 3898 niam,
571 3855 690 3889 mox
729 3855 824 3908 per
858 3835 1208 3906 provinciam.
1251 3835 1383 3888 Inde

369 3913 565 3966 Veneti
580 3915 811 3984 primum
827 3954 844 3980 ‚
864 3933 999 3986 quos
1017 3913 1188 3966 Graeci
1206 3915 1385 3970 Hene-

369 4006 449 4046 τοι
478 4005 694 4058 vocant,
717 3994 793 4047 rei
820 3995 1009 4047 famam
1036 3993 1221 4046 fecere.
1251 3995 1381 4046 Pro·

1484 1152 1638 1209 ximae
1657 1149 1941 1204 Pannoniae
1962 1147 2019 1202 id
2031 1149 2345 1220 accipientes
2362 1154 2500 1208 circa

1484 1249 1627 1283 mare
1661 1227 2002 1282 Adriaticum.
2035 1253 2058 1276 ι
2103 1229 2240 1280 Aliae
2266 1249 2386 1284 mox
2423 1253 2502 1287 se-

1480 1321 1660 1380 quuta
1688 1331 1699 1360 ε
1731 1331 1754 1352 ι
1789 1309 2026 1362 Affertur
2061 1327 2092 1361 a
2131 1307 2408 1363 Germanis
2445 1314 2500 1366 iu

1480 1389 1812 1442 Pannoniam
1869 1388 2096 1440 maxime
2152 1388 2498 1458 provinciam.

1480 1467 1617 1520 Inde
1642 1467 1838 1521 Veneti
1864 1468 2096 1536 primum
2115 1505 2131 1530 ,
2166 1485 2302 1538 quos
2328 1467 2500 1524 Groeci

1481 1545 1712 1598 Henetus
1741 1558 1961 1609 vocant,
1987 1546 2064 1597 rei
2091 1546 2283 1598 famam
2313 1547 2500 1615 fecere,

1480 1625 1715 1694 proximi
1759 1625 2077 1686 Pannoniae,
2108 1639 2209 1677 ete.
2245 1650 2268 1673 ι
2303 1627 2500 1678 Salma-

1478 1703 1617 1766 sius,
1644 1705 1698 1757 iu
1727 1704 1892 1758 Solin.
1921 1723 1974 1774 p.
2007 1703 2117 1757 235
2151 1725 2164 1756 ε
2203 1729 2226 1752 ιι
2264 1703 2501 1759 Affertur

1478 1801 1508 1835 a
1542 1782 1820 1836 Germania
1867 1784 1923 1836 in
1973 1783 2328 1849 Pannoniam,
2377 1783 2500 1838 ideo

1480 1861 1707 1914 maxime
1733 1862 2016 1934 appetitam
2049 1863 2377 1932 provinciam
2411 1882 2425 1916 :
2449 1877 2502 1916 et

1478 1939 1604 1994 inde
1658 1939 1725 1994 ad
1758 1943 1991 1994 Venetos
2045 1941 2276 2010 primum
2297 1981 2314 2005 ‚
2365 1961 2500 2013 quos

1476 2020 1655 2072 Graeci
1681 2021 1912 2073 Henetos
1937 2020 2211 2072 vocabant.
2231 2019 2298 2072 Hi
2322 2023 2398 2073 rei
2422 2023 2501 2074 fa-

1476 2116 1616 2150 mam
1629 2099 1800 2152 fecere
1810 2099 2040 2172 proximi
2049 2099 2456 2164 Pannoniae,etc.
2469 2125 2492 2147 ι

1475 2175 1649 2240 Quam
1669 2178 1764 2230 ista
1789 2179 1948 2230 nobis
1967 2177 2176 2248 frigida,
2195 2197 2352 2246 quam
2377 2181 2501 2232 alie-

1474 2275 1548 2307 no
1589 2257 1710 2308 loco
1765 2258 1930 2326 posita
1977 2257 2242 2318 videntur,
2297 2284 2318 2305 ι
2367 2277 2501 2328 quos

1477 2334 1648 2388 Graeci
1669 2337 1900 2390 Henetus
1918 2337 2180 2388 vocabant
2197 2341 2220 2386 ?
2248 2362 2270 2382 ι
2300 2349 2352 2388 et
2376 2357 2500 2390 mox

1469 2417 1682 2480 proximi
1705 2414 2018 2468 Pannonia?
2040 2417 2103 2466 In
2129 2415 2283 2468 MSS.
2316 2428 2373 2468 ut
2409 2436 2501 2488 ap-

1476 2505 1652 2562 paret,
1666 2493 1808 2544 nulla
1825 2495 2150 2548 Venetorum
2175 2495 2374 2546 mentio
2390 2509 2468 2548 est
2480 2532 2495 2553 ‚

1476 2571 1620 2622 nulla
1653 2570 1794 2641 apud
1820 2572 2059 2624 solinum
2079 2611 2094 2637 ‚
2121 2573 2214 2643 qui
2241 2574 2388 2626 hunc
2421 2561 2510 2627 lo·'

1476 2667 1596 2700 cum
1627 2650 1930 2718 exscripsit,
1969 2670 2082 2721 cap.
2121 2671 2216 2716 xx,
2252 2672 2374 2724 pag.
2405 2661 2494 2718 40.

1477 2727 1662 2798 Neque
1707 2746 1832 2780 vero
1875 2748 2064 2781 vocem
2101 2731 2241 2785 hanc
2287 2747 2497 2785 maeatas

1475 2804 1802 2877 deploratam
1841 2808 2101 2860 nescimus
2130 2829 2141 2858 :
2177 2809 2269 2862 sed
2303 2829 2498 2880 reprae-

1474 2887 1670 2938 sentari
1697 2898 1872 2938 tamen
1893 2887 1976 2936 vel
2005 2885 2080 2938 sic
2101 2905 2131 2938 a
2155 2888 2310 2940 nobis
2335 2907 2496 2958 opor·
2549 2939 2556 2946 ,

1475 2966 1609 3028 tuit,
1650 2966 1844 3036 quibus
1873 2964 2061 3036 religio
2091 2978 2168 3016 est
2212 2967 2294 3018 vel
2331 2967 2494 3020 latum

1476 3063 1702 3114 unguem
1724 3063 1750 3096 a
1771 3043 2014 3096 codicum
2036 3045 2370 3116 antiquorum
2390 3045 2497 3101 fide

1474 3121 1762 3177 desciscere
1785 3141 1800 3174 :
1825 3124 1959 3176 hanc
1982 3123 2124 3176 enim
2152 3143 2338 3178 omnes
2358 3127 2496 3180 clare

1472 3221 1585 3274 prae
1617 3221 1672 3256 ae
1705 3204 1894 3255 ferunt.
1923 3203 1990 3254 Et
2023 3221 2140 3274 spes
2169 3218 2244 3256 est
2279 3206 2495 3258 fortasse

1474 3282 1588 3334 fore
1606 3295 1665 3334 ut
1693 3301 1756 3334 ex
1778 3281 1840 3334 iis
1859 3281 2091 3353 vestigiis
2109 3323 2124 3348 ‚
2146 3299 2266 3354 qum
2292 3285 2496 3338 sincera

1472 3379 1576 3412 vox
1605 3361 1677 3414 ibi
1725 3360 1996 3414 delitescat
2015 3401 2029 3426 ,
2070 3363 2275 3416 felicior
2307 3363 2493 3434 aliquia

1472 3439 1753 3507 aliquando
1768 3443 2042 3511 conjector
2058 3454 2224 3496 eruat.
2247 3439 2314 3493 H.
2339 3474 2400 3482 —
2421 3443 2494 3493 Et

1472 3519 1582 3570 inde
1625 3521 1842 3573 advectos
1879 3525 2114 3592 primum,
2166 3539 2282 3592 quos
2329 3519 2496 3572 Groeci

1472 3613 1695 3654 maeatas.
1741 3601 1892 3654 Brot.
1926 3619 1996 3652 ex
2039 3599 2189 3652 MSS.
2231 3599 2392 3670 Regg.
2428 3619 2456 3651 2
2479 3637 2496 3662 ,

1477 3680 1507 3733 3
1525 3715 1540 3740 ,
1563 3679 1592 3732 5
1612 3717 1628 3744 ,
1655 3685 1717 3732 6:
1748 3708 1768 3728 ι
1797 3682 1862 3734 Et
1885 3677 2009 3730 inde
2023 3677 2215 3730 Veneti
2239 3677 2494 3746 primum,

1470 3775 1608 3827 quos
1642 3761 1812 3814 Graeci
1853 3759 2049 3810 Enetos
2089 3755 2379 3820 vocabant,
2416 3758 2494 3810 fa·

1471 3855 1616 3889 mam
1661 3839 1764 3894 rei.
1813 3850 1910 3890 etc.
1940 3860 1961 3880 ι
2012 3835 2132 3886 Non
2173 3835 2495 3899 Pannoniae,

1470 3913 1566 3968 sed
1593 3917 1788 3969 Veneti
1843 3912 2118 3967 succinum
2167 3914 2496 3988 accipiebant

1472 3994 1610 4048 circa
1637 4013 1783 4048 mare
1812 3992 2160 4048 Adriaticum.
2191 3991 2294 4044 En.
