2975 4684
1169 359 1728 429 EXCURSUS.
1810 402 1817 409 ·
2374 364 2512 445 253

385 471 596 525 duabus
623 475 786 529 literis
814 483 858 527 K
883 486 936 528 et
961 481 1030 539 A,
1075 477 1272 549 qulbus
1295 496 1464 531 annus
1481 477 1773 531 Alexandri
1791 482 2051 534 vicesimus
2068 488 2259 552 prtinus
2281 500 2510 545 notatur,

387 563 624 617 Eximius
651 564 1022 621 hicssnummus
1046 584 1108 617 ex
1130 578 1378 637 argento,
1401 566 1675 619 mediocris
1694 566 1923 634 moduli,
1948 569 2043 622 sed
2070 572 2298 644 eleganti
2318 577 2516 633 fabrica

389 664 466 704 est
487 691 502 715 ,
534 652 676 723 apud
696 654 762 705 D.
784 672 860 705 nu
881 654 1036 705 Boza.
1057 654 1209 707 Alius
1224 654 1300 707 ibi
1318 655 1505 707 similis
1527 654 1737 720 formas,
1754 654 1915 709 hahet
1932 658 2136 713 literam
2156 668 2201 713 K
2227 661 2514 732 dumtaxat,

387 738 494 792 hoc
519 752 622 801 est,
652 759 848 793 annum
867 745 1164 794 vicesimum.

463 844 542 881 to.
567 826 742 898 Caput
767 828 1053 882 Alexandri
1083 829 1263 900 Magni
1296 830 1511 883 leonina
1540 830 1681 901 pelle
1711 840 1927 883 tectum·
1944 837 2002 899 )(·
2022 834 2231 906 Jupiter
2251 838 2427 907 sedet,
2450 853 2509 895 ut

387 917 442 968 in
465 933 687 968 nummo
708 916 898 986 priore.
931 919 1118 969 Latere
1140 916 1346 969 nummi
1371 916 1601 981 sinistro,
1614 922 2002 970 AAEEANAPOT
2022 938 2036 973 :
2066 920 2251 977 dextro
2269 925 2339 979 ad
2358 946 2510 981 crura

383 1004 560 1067 Jovis,
591 1012 702 1055 Kr:
729 1006 831 1057 hoc
858 1015 961 1067 est,
989 1022 1133 1057 anno
1152 1008 1386 1056 vicesimo
1406 1008 1545 1056 tertio
1566 1026 1585 1055 .·
1604 1022 1767 1076 supra
1792 1004 1859 1057 ad
1891 1006 2128 1077 ejusdem
2162 1030 2357 1081 genua,
2392 1022 2468 1068 ΑΣ
2491 1036 2507 1069 :

382 1092 484 1147 hoc
508 1105 583 1145 est
603 1131 619 1155 ,
649 1082 984 1149 Ᾰσπληδονίων
1012 1095 1066 1145 in
1093 1092 1308 1145 Boeotia.
1332 1092 1421 1145 sic
1443 1093 1585 1145 enim
1615 1094 1670 1144 in
1701 1094 1933 1145 nummis
1957 1095 2193 1166 ejusdem
2224 1102 2507 1158 Alexandri

385 1180 597 1254 Magni,
623 1190 778 1246 KAE,
805 1178 1088 1235 Κλεωναίων
1109 1195 1205 1235 est.
1228 1182 1418 1253 Neque
1445 1194 1593 1234 extra
1615 1182 1881 1235 Graeciam
1910 1184 2021 1235 fere
2043 1200 2165 1236 cusa
2186 1186 2347 1259 hujus
2362 1192 2508 1262 prin-

385 1269 518 1341 cipis
543 1271 760 1323 nomine
784 1272 1102 1323 numismata
1133 1282 1274 1322 sunt.
1311 1272 1403 1323 Est
1427 1269 1517 1321 hic
1550 1270 1765 1322 maximi
1803 1270 2008 1323 moduli
2041 1290 2288 1327 nummus
2324 1295 2510 1349 argen-

383 1368 500 1411 teus
519 1357 664 1429 apud
692 1360 756 1409 D.
775 1360 1030 1411 Abbatem
1057 1358 1297 1409 Fxnvxr..
1337 1357 1609 1410 Habemus
1639 1357 1799 1429 hujus
1838 1358 2080 1427 praeclari
2106 1362 2435 1417 numismatis
2460 1381 2511 1421 et

382 1446 612 1497 duorum
639 1447 1002 1515 sequentium,
1029 1444 1134 1497 hoe
1157 1457 1256 1506 est,
1287 1444 1590 1515 duodeeimi
1626 1456 1677 1497 et
1700 1463 1809 1498 x111
1835 1464 2133 1515 expressam
2161 1448 2215 1499 in
2243 1468 2363 1505 cera
2396 1454 2510 1506 effi-

383 1534 518 1603 giem
537 1569 554 1595 ,
585 1530 824 1603 ejusdem
849 1532 1002 1585 amici
1029 1549 1172 1584 cura.
1191 1531 1286 1583 Est
1313 1534 1455 1601 apud
1481 1532 1539 1585 P.
1562 1549 1633 1583 nu
1649 1531 1837 1583 Vtra!
1856 1546 2130 1603 argenteus
2158 1533 2406 1591 denarius
2432 1542 2503 1593 si-

385 1619 554 1681 milis,
585 1636 708 1671 cum
739 1636 880 1670 anno
915 1625 1036 1670 Kr:
1073 1630 1124 1671 et
1151 1618 1292 1670 intra
1315 1619 1497 1671 sellam
1524 1625 1651 1670 ME:
1688 1616 1794 1670 hoc
1820 1629 1927 1683 est,
1971 1626 2189 1689 Megaris
2213 1624 2265 1675 in
2291 1624 2507 1682 Boeotia.

380 1707 598 1759 Nummi
623 1708 932 1778 impressam
955 1707 1011 1760 in
1033 1726 1152 1761 cera
1171 1708 1398 1779 effigiem
1423 1708 1695 1761 habemus.

457 1811 536 1846 11.
561 1794 737 1865 Caput
761 1793 1044 1846 Alexandri
1071 1794 1251 1867 Magni
1278 1806 1478 1847 tectum
1506 1794 1647 1865 pelle
1681 1793 1905 1846 leonina·
1922 1796 1984 1863 )(·
2004 1797 2213 1867 Jupiter
2234 1798 2409 1867 sedet,
2446 1815 2508 1856 ut

379 1880 438 1933 in
455 1900 683 1935 nummo
697 1882 892 1953 priore.
914 1882 1100 1934 Latere
1117 1880 1328 1935 nummi
1346 1882 1578 1948 sinistro,
1596 1886 2001 1933 ΑΛΕΞΑΝΔΡΟΥ.
2020 1886 2245 1952 Dextro,
2266 1892 2380 1940 KA:
2402 1888 2505 1943 hoc

378 1982 488 2033 est,
511 1986 652 2021 anuo
675 1972 913 2021 vicesimo
933 1984 1126 2037 quarto.
1159 1970 1252 2023 Est
1273 1966 1420 2040 apud
1441 1968 1500 2021 P.
1518 1986 1589 2020 nu
1607 1969 1797 2021 Vtrnx
1820 1988 2070 2024 nummus
2091 1972 2326 2027 maximo
2348 1978 2501 2031 molis

375 2072 684 2130 argenteus,
704 2059 858 2129 eujus
877 2058 1140 2111 habemus
1163 2058 1222 2109 in
1249 2076 1372 2111 cera
1393 2058 1713 2128 impressam
1734 2057 2039 2128 imaginem.
2082 2076 2089 2083 ·

451 2167 528 2200 ια.
548 2149 725 2219 Caput
741 2148 1028 2201 Alexandri
1050 2147 1235 2219 Magni
1257 2158 1456 2201 tectum
1487 2147 1626 2217 pelle
1654 2146 1880 2199 leonina·
1911 2148 1971 2215 )(·
2008 2148 2211 2220 Jupiter
2239 2150 2412 2217 sedet,
2442 2165 2500 2205 nt

374 2236 428 2287 in
459 2252 678 2289 nummo
700 2238 894 2305 priore.
917 2235 1104 2288 Latere
1131 2235 1338 2288 nummi
1365 2234 1575 2289 sinistro
1592 2272 1607 2298 ‚
1637 2239 2048 2287 AAEEANAPOT.
2089 2236 2281 2289 Latere
2312 2237 2499 2293 dextro

375 2320 444 2375 ad
479 2322 624 2375 Jovis
663 2341 836 2395 genua
853 2364 870 2388 ,
904 2329 1020 2375 KE:
1047 2322 1151 2376 hoc
1187 2334 1297 2387 est,
1337 2340 1480 2375 auno
1502 2324 1738 2374 vicesimo
1764 2326 1955 2389 quinto.
1994 2322 2090 2374 Est
2124 2323 2179 2375 in
2218 2324 2495 2381 Thesauro

377 2406 544 2476 Regio
577 2406 812 2459 maximae
849 2405 1002 2459 molis
1037 2418 1328 2477 argenteus.
1368 2404 1527 2477 Apud
1564 2411 1635 2461 D.
1665 2424 1741 2459 nn
1777 2406 1924 2457 Bozn
1951 2404 2091 2458 idem
2118 2419 2221 2469 est,
2248 2408 2340 2460 sed
2370 2428 2495 2464 cum

377 2494 726 2565 superpositis
761 2512 988 2548 numero
1026 2512 1290 2548 annorum
1333 2492 1414 2547 his
1453 2492 1651 2557 literis,
1694 2501 1798 2556 ΑΣ,
1834 2494 1938 2547 hoc
1978 2504 2088 2559 est,
2118 2484 2493 2554 Ᾰσπληδονίωνε

1690 2586 1774 2631 ΚΕ

373 2688 506 2720 anno
531 2688 634 2723 xxv
655 2669 940 2723 Alexandri
964 2669 1162 2741 Magni.
1202 2670 1264 2721 In
1295 2668 1433 2734 alio,
1461 2686 1619 2740 quem
1651 2665 1865 2720 exhibet
1890 2667 2093 2739 sylloge
2116 2671 2496 2727 numismatum

373 2756 606 2809 Londini
633 2756 777 2809 edita
793 2774 932 2809 anno
955 2758 1088 2825 1708
1107 2792 1122 2819 ,
1166 2754 1501 2827 superposita
1521 2767 1597 2809 est
1624 2754 1791 2807 literis
1815 2756 2176 2810 numeralilms
2201 2766 2285 2812 ΚΕ
2304 2797 2319 2822 ,
2344 2760 2495 2816 litera

371 2848 450 2895 0:
479 2860 598 2913 quse
617 2842 886 2906 Phthiam,
905 2842 988 2896 vel
1009 2841 1304 2895 Phthiotide
1329 2834 1547 2896 denotat
1562 2880 1579 2906 ,
1608 2843 1667 2895 in
1680 2841 1971 2895 Thessalia.

449 2928 530 2981 13.
569 2928 740 2998 Caput
758 2928 1044 2981 Alexandri
1059 2928 1242 3001 Magni
1271 2930 1482 2983 leonina
1517 2930 1659 3002 pelle
1694 2941 1912 2982 tectum·
1927 2932 1988 2997 )(·
2008 2932 2215 3002 Jupiter
2236 2932 2406 2997 sedet,
2435 2947 2493 2988 ut

373 3018 430 3069 in
456 3016 688 3069 nummis
716 3015 1100 3087 superioribus.
1121 3018 1306 3070 Latere
1330 3018 1569 3085 sinistro,
1598 3022 2008 3081 ΑΔΕΞΔΝᾼΡΟΥ.
2030 3019 2217 3073 Latere
2229 3019 2411 3075 dextro
2427 3034 2493 3089 A,

387 3106 493 3159 boc
511 3118 616 3170 est,
643 3126 780 3159 amco
803 3109 1056 3160 vicesimo.
1094 3108 1186 3161 Est
1218 3107 1308 3160 hic
1338 3120 1616 3179 argenteus
1649 3107 1889 3160 similiter
1917 3110 2134 3179 egregia
2164 3110 2377 3166 fabrica
2393 3152 2410 3181 ,
2442 3126 2497 3167 et

389 3195 608 3269 majoris
635 3194 873 3259 moduli,
903 3196 960 3249 in
979 3194 1254 3249 Thesauro
1284 3197 1482 3268 Regio,
1524 3207 1574 3249 et
1608 3194 1751 3266 apud
1789 3199 1857 3249 D.
1895 3213 1966 3247 nx
2004 3196 2161 3250 Bou..
2208 3198 2272 3251 In
2306 3200 2493 3255 Museo

365 3300 553 3341 nostro
593 3296 874 3357 argenteus
909 3297 988 3337 est
1024 3284 1164 3337 mole
1197 3282 1397 3337 denarii
1428 3321 1443 3347 ‚
1483 3282 1657 3355 quiin
1683 3282 2093 3337 intercolumnio
2117 3284 2405 3352 cathedre,
2431 3289 2491 3341 in

380 3394 484 3447 qun
511 3375 718 3446 Jupiter
741 3372 916 3434 sedet,
939 3371 1180 3426 eamdem
1195 3371 1368 3425 habet
1395 3372 1600 3424 literam
1630 3380 1701 3437 A,
1734 3370 1787 3422 h.
1809 3390 1853 3424 e.
1870 3390 2057 3423 annum
2076 3375 2379 3427 tricesimum.

444 3461 593 3529 Quid
617 3478 780 3533 porro
803 3461 862 3513 hi
882 3460 1093 3513 numeri
1107 3459 1164 3511 in
1183 3460 1412 3511 nummis
1435 3458 1741 3531 principum
1766 3460 1961 3521 notati,
1983 3477 2143 3530 quam
2161 3478 2327 3513 anuos
2345 3461 2485 3531 ipso-

370 3568 490 3602 rum
516 3548 850 3620 principatus
864 3546 1176 3620 designant?
1197 3547 1316 3600 Fuit
1339 3546 1591 3600 nimirum
1613 3547 1909 3601 Alexander
1926 3546 2170 3602 claritatis
2196 3567 2255 3601 ac
2274 3548 2487 3599 celebri-

377 3638 499 3690 tatis
523 3648 702 3701 tantae,
738 3649 798 3689 ut
835 3632 1030 3707 dignus
1059 3635 1207 3688 visus
1239 3634 1306 3688 sit
1337 3634 1645 3687 monetariis
1672 3654 1739 3689 ex
1773 3654 1879 3706 quo
1916 3634 2332 3706 praegigneretur
2368 3651 2483 3687 mos

371 3742 536 3778 anuos
557 3724 860 3797 principum
893 3723 1242 3795 consignandi
1278 3724 1334 3776 in
1369 3724 1616 3777 nummis.
1653 3723 1858 3777 Exinde
1894 3734 2035 3776 certe
2071 3720 2123 3771 in
2154 3720 2482 3775 numismatis

373 3828 726 3867 suecessorum
751 3814 862 3885 ejus
877 3811 1063 3866 eadem
1085 3813 1350 3865 observata
1367 3812 1503 3865 ratio
1522 3825 1627 3866 est:
1664 3812 1808 3883 prius
1826 3828 1932 3863 non
1951 3818 2236 3877 comparet.

445 3900 596 3954 Nune
617 3900 772 3974 igitur
788 3918 1051 3954 annorum
1069 3898 1357 3951 Alexandri
1387 3898 1572 3971 Magni
1600 3898 1805 3969 gemina
1830 3890 2173 3961 chronologia
2191 3890 2479 3963 digerenda

366 3985 454 4040 hic
473 4000 577 4053 est,
601 4001 652 4042 et
671 3987 1006 4061 subjicienda
1031 3986 1232 4041 oculis:
1264 3986 1499 4059 vulgaris
1521 3987 1709 4050 altera,
1734 3984 1900 4038 altera
1924 3994 2075 4042 vera;
2098 3977 2202 4033 hoo
2227 3989 2329 4044 est,
2356 4000 2480 4037 cum
