2975 4684
436 365 581 465 496
989 368 1067 437 c.
1121 368 1461 437 PLINII
1509 368 1726 439 NAT.
1780 369 2040 439 msT.

434 500 746 599 quaesisse
772 498 1045 597 gloriam
1088 502 1423 596 impendio
1468 501 1632 570 nulli
1667 502 2040 597 profuturo.
2074 503 2396 574 Praeterea
2439 506 2580 579 fati-

442 634 635 705 gasse
668 610 853 703 regni
890 611 1062 677 vires
1086 658 1105 690 ‚
1141 622 1218 677 ut
1244 622 1466 676 tamen
1493 606 1636 677 laus
1666 610 1882 702 major
1912 608 2182 677 artificis
2216 625 2404 681 esset.

512 756 514 758 ·
544 718 699 801 XX.
733 706 940 806 (ΧΠ.)
964 716 1239 808 Legitur
1258 729 1327 782 et
1356 713 1624 809 pensilis
1649 714 1918 801 hortuS,
1938 716 2146 783 immo
2175 740 2335 785 vero
2357 730 2575 787 totum

432 820 749 927 oppidum
776 822 1097 915 AEgyptiae
1136 819 1416 906 Thebae,
1458 822 1784 891 exercitus
1815 828 2109 891 armatos
2151 822 2382 905 subter
2415 823 2574 892 edu-

433 950 583 996 cere
624 924 829 997 solitis
869 926 1168 1019 regibuS,
1212 924 1393 994 nullo
1420 925 1908 1019 oppidanorum
1949 928 2288 997 sentiente.
2324 930 2577 997 Etiam-

434 1057 594 1103 num
655 1032 783 1102 hoe
850 1034 1068 1101 minus
1131 1034 1409 1114 mirum,
1458 1056 1659 1125 quam
1702 1033 1884 1125 quod
1945 1032 2216 1101 flumine
2274 1034 2572 1104 'medium

435 1138 753 1233 oppidum
797 1138 1234 1208 interfluente.
1290 1139 1459 1226 Quae
1503 1140 1556 1206 si
1609 1137 1916 1221 fuissent,
1961 1164 2098 1207 non
2145 1137 2426 1209 dubium
2476 1156 2575 1211 est

433 1248 800 1313 Homerum
826 1244 1155 1315 dicturum
1190 1244 1413 1330 fuisse,
1438 1267 1650 1337 quum
1685 1259 1952 1314 centum
1991 1244 2250 1339 portas¹
2281 1245 2371 1313 ibi
2406 1270 2570 1340 prae·

436 1350 707 1421 dicaret.
1817 1354 1828 1431 J

538 1459 725 1525 XXI.
770 1448 1279 1552 Magnificentiae
1341 1480 1502 1524 vera
1549 1456 1897 1525 admiratio
1953 1472 2169 1527 exstat
2208 1456 2564 1552 templum‘

430 1563 734 1659 Ephesiae
757 1565 989 1633 Dianoe
1027 1562 1331 1632 ducentis
1360 1564 1593 1656 viginti
1629 1560 1855 1632 annis²
1882 1563 2130 1633 factum
2161 1588 2200 1631 a
2228 1577 2366 1633 tota
2399 1565 2565 1633 Asia.

430 1671 514 1737 In
554 1668 695 1751 solo
740 1670 808 1738 id
840 1668 1115 1763 palustri
1164 1668 1418 1754 fecere,
1458 1694 1545 1737 ne
1589 1683 1782 1737 terroe
1839 1684 2060 1741 motus
2107 1671 2415 1756 sentiret,
2451 1685 2571 1740 aut

431 1776 653 1845 hiatus
682 1777 968 1845 timeret.
1013 1778 1270 1843 Rursus
1312 1800 1397 1845 ne
1442 1776 1512 1843 in
1555 1772 1810 1843 lubrico
1852 1788 2051 1869 atque
2087 1776 2376 1845 instabili
2417 1776 2564 1845 fun·

431 1881 739 1951 damenta
782 1896 981 1951 tantae
1023 1880 1214 1951 molis
1258 1879 1658 1963 locarentur,
1717 1877 1980 1949 calcatis
2031 1904 2106 1949 ea
2147 1880 2567 1952 substravere

431 1987 830 2057 carbonibus
849 1971 897 2073 ³,
940 1986 1092 2056 dein
1137 1984 1489 2057 velleribus
1536 1984 1720 2053 lanae.
1769 1986 2099 2053 Universo
2137 1985 2384 2079 templo
2421 1985 2564 2057 lon-

508 2188 631 2243 XX.
660 2188 871 2259 1.Quum
892 2200 1075 2239 centum
1091 2198 1275 2257 portas.
1299 2182 1450 2238 Iliad.
1543 2181 1864 2254 dringentis,
1895 2181 1988 2236 lib.
2028 2182 2188 2248 XVI,
2212 2200 2326 2255 cop.
2359 2190 2446 2247 40.
2479 2184 2566 2239 De

430 2272 480 2335 1,
500 2289 556 2323 v.
584 2269 693 2323 382
730 2286 875 2339 seqq.
916 2263 1023 2320 οὐδ’
1045 2268 1139 2320 ὅσοι
1165 2263 1339 2325 ericae
1363 2265 1452 2317 Αἰ·
1541 2265 1654 2335 ejus
1695 2259 1946 2315 incendio
1981 2262 2104 2315 vide
2129 2262 2308 2317 Valet.
2341 2262 2564 2323 Maxim.

427 2350 671 2423 γυπτίας,
694 2347 771 2400 ὅτι
798 2350 1015 2401 πλεῖστα
1042 2343 1212 2416 δόμοις
1245 2346 1293 2397 ἐν
1328 2344 1453 2401 urvi-
1541 2343 1635 2397 lib.
1671 2342 1846 2406 VIII,
1888 2360 2004 2414 cap.
2051 2342 2116 2396 15
2149 2360 2166 2409 ς
2207 2342 2520 2397 Strabonem
2541 2378 2558 2405 2

428 2450 569 2502 ματα
592 2432 783 2492 κεῖται,
822 2429 928 2481 Ate*
952 2424 1281 2496 ἑκατόμπυλοί
1326 2424 1451 2489 οἶσι,
1540 2422 1635 2475 lib.
1663 2422 1813 2475 XIV.
1847 2422 2052 2475 Dsutc.
2084 2454 2162 2465 —
2198 2424 2252 2475 A
2285 2435 2385 2475 toea
2418 2425 2562 2478 Asia.

427 2507 669 2567 διηκόσιοι
701 2502 753 2559 δ’
788 2509 863 2559 ἀν’
890 2507 1101 2562 ἑκάστην
1140 2496 1313 2577 Ᾰνίρες
1358 2505 1453 2568 ἐξι-

426 2596 591 2659 χνιῦσι
618 2590 703 2640 σὺν
732 2586 930 2639 ἵπποισι
954 2585 1038 2639 καὶ
1065 2587 1279 2654 ὄχεσφιν.
1312 2586 1450 2648 Du..

508 2669 661 2721 XXI.
702 2684 747 2718 ι.
775 2666 1039 2735 Templum.
1055 2666 1323 2717 Robertus
1348 2664 1451 2717 Ce-

424 2748 591 2812 nsus,
630 2746 765 2800 Hist.
797 2745 939 2815 Gall.
982 2746 1066 2807 11,
1098 2744 1349 2815 perioche
1382 2744 1451 2809 3,

1539 2502 1723 2555 Livius
1753 2543 1769 2566 ,
1801 2501 1896 2555 lib.
1942 2503 2001 2567 1,
2029 2522 2084 2573 p.
2117 2505 2180 2557 16
2210 2523 2222 2553 :
2258 2528 2280 2549 ι
2303 2502 2418 2555 Iam
2448 2516 2564 2557 tum

1539 2595 1652 2636 erat
1691 2581 1949 2653 inclytum
1988 2580 2172 2633 Dinnae
2201 2580 2442 2650 Ephesia
2483 2580 2562 2633 fs·

1539 2678 1704 2713 num:
1737 2658 1794 2713 id
1823 2660 2176 2713 communiter
2203 2678 2230 2710 n
2261 2659 2563 2714 civitatibus

1541 2741 1679 2795 Asiae
1702 2741 1896 2794 factum
1924 2738 2060 2793 fama
2089 2739 2306 2793 ferebat.
2325 2765 2348 2787 ι
2383 2738 2450 2793 Η.

425 2846 483 2899 p.
521 2828 661 2885 13o‚
693 2824 967 2879 subductis
1006 2836 1248 2879 accurate
1279 2824 1452 2875 calcu-

424 2908 491 2961 lis
521 2905 801 2979 splendide
830 2904 1158 2958 demonstret
1189 2903 1449 2974 templum

426 2988 486 3040 Β.
514 2986 728 3057 Virgini
776 2984 987 3039 Parisiis
1016 2983 1451 3050 sacrum„majus

425 3085 537 3121 esse
572 3066 741 3117 multo
780 3080 841 3115 ae
881 3060 1244 3133 splendidius,
1288 3078 1449 3132 quam

424 3144 586 3197 fuerit
610 3142 936 3213 Ephesinum
951 3181 965 3205 ,
982 3140 1240 3195 mensuris
1258 3140 1451 3193 utrius-

424 3240 529 3295 que
556 3221 787 3284 collffls,
809 3232 967 3291 atque
997 3221 1274 3287 operosius
1292 3218 1451 3273 sabri-

426 3314 621 3357 catum.
652 3301 833 3352 Hnm.
846 3330 923 3341 —-
954 3301 1199 3370 Templum
1224 3300 1450 3369 Ephesia

426 3383 625 3435 Diam.
658 3380 737 3432 De
762 3378 862 3430 hoc
894 3380 1095 3449 templo
1122 3377 1451 3449 ingentibus-

425 3480 533 3535 que
559 3456 1046 3514 substructionibus
1071 3477 1133 3512 ne
1162 3456 1448 3511 ruderibus

425 3540 548 3597 vide
588 3542 674 3595 Cl.
710 3539 1109 3601 Teanum-on,
1157 3536 1361 3608 Vqrage
1382 3534 1449 3587 du

426 3624 639 3685 lavone,
664 3632 789 3673 tom.
814 3617 930 3682 111,
964 3636 1019 3687 p·
1050 3614 1179 3685 393.
1203 3613 1447 3684 Magnifi-

426 3702 737 3757 centinaimae
762 3698 919 3769 hujus
950 3695 1077 3749 aedis
1108 3697 1336 3749 frontem
1366 3693 1447 3745 vi·

426 3782 555 3836 dere
583 3794 659 3834 est
686 3782 741 3835 in
770 3778 953 3832 multis
984 3774 1305 3838 Domitiani,
1338 3772 1443 3826 Ha·-

426 3860 598 3915 driani
614 3903 630 3927 ‚
649 3858 927 3924 Antonini,
945 3857 1278 3927 aliorumque
1295 3870 1446 3905 num-

425 3941 548 3995 mis.
577 3943 745 3993 Βιοτ.

511 4037 561 4071 2.
602 4019 833 4071 Ducentis
873 4020 1053 4086 viginti
1091 4016 1249 4067 amis.
1298 4014 1445 4079 Qun-

1624 2822 1678 2875 3.
1724 2820 1940 2873 Calcatis
1980 2840 2041 2871 ea
2069 2819 2364 2872 substravere
2389 2819 2562 2871 carbo-

1539 2900 1706 2961 nibus,
1749 2900 1860 2952 dein
1893 2898 2010 2951 vell.
2038 2900 2364 2970 Augustinus
2387 2898 2455 2951 de
2477 2898 2563 2952 Ci-

1539 2981 1630 3032 vit.
1661 2980 1790 3043 Dei,
1810 2980 1904 3031 lib.
1922 2979 2108 3031 XXXI
2124 3018 2139 3045 ,
2161 2997 2206 3031 c.
2245 2986 2276 3042 4
2297 2997 2310 3029 :
2335 3002 2357 3022 c
2375 2977 2560 3043 Quid?

1540 3058 1594 3111 in
1623 3057 1942 3110 carbonibus
1969 3075 2150 3111 nonne
2179 3057 2420 3111 miranda
2447 3070 2555 3121 est,

1537 3150 1590 3190 et
1609 3148 1752 3189 tanta
1774 3134 2073 3201 infirmitas,
2091 3150 2148 3190 ut
2167 3138 2278 3190 ictu
2295 3138 2558 3190 levissimo

1537 3216 1868 3286 frangantur,
1897 3232 2078 3287 pressu
2107 3216 2357 3271 facillimo
2378 3228 2559 3270 conte·

1535 3306 1722 3349 rantur
1754 3312 1768 3348 τ
1797 3307 1850 3348 et
1877 3308 2020 3365 tauta
2059 3294 2280 3349 firmitas
2317 3310 2374 3350 ut
2409 3296 2559 3349 nullo

1535 3373 1762 3427 humore
1779 3392 1996 3446 *corrum
2005 3387 2219 3445 pantur,
2238 3376 2386 3429 nulla
2409 3387 2558 3427 aetste

1539 3454 1841 3523 vincantur,
1869 3471 2037 3526 usque
2067 3452 2201 3509 adeo
2229 3468 2287 3507 ut
2311 3475 2402 3509 eos
2434 3454 2558 3508 sub-

1538 3546 1768 3587 sternere
1795 3535 1995 3587 soleant
2015 3573 2179 3588 .....
2213 3535 2347 3600 Quis
2381 3553 2470 3587 eos
2503 3534 2560 3587 in

1537 3624 1676 3667 terra
1715 3611 1935 3666 humida
1981 3612 2230 3678 effossos,
2277 3601 2371 3667 ubi
2418 3614 2560 3685 ligna

1535 3704 1903 3764 putrescerent
1919 3733 1935 3758 ,
1956 3692 2154 3746 tamdiu
2180 3689 2373 3745 durare
2391 3694 2562 3746 incor-

1533 3772 1857 3844 ruptibiliter
1883 3790 2067 3844 posse,
2111 3770 2209 3823 nisi
2252 3789 2430 3824 rerum
2467 3772 2560 3825 ille

1537 3866 1824 3925 corruptor
1855 3852 2021 3923 ignis,
2059 3850 2235 3903 effecit
2255 3848 2280 3900 Ρ
2314 3873 2336 3893 n
2383 3850 2556 3920 Hujus

1537 3932 1747 3986 consilii
1787 3944 2055 3984 auctorem
2083 3926 2430 3981 Theodorum
2461 3928 2555 3983 Sa·

1536 4011 1704 4065 mium
1721 4049 1738 4075 ,
1758 4008 1940 4064 Rhoeci
1958 4008 2125 4061 filium
2157 4006 2342 4072 fuisse,
2370 4008 2556 4063 scribit
