2975 4684
400 330 535 404 558

925 334 999 401 C.
1054 335 1387 404 PLlNll
1436 335 1646 404 NAT.
1698 334 1958 403 HIST.

397 465 621 536 colore
650 465 879 560 pingui
910 466 1322 561 nigricante&
1358 468 1550 537 Acies
1579 480 1762 534 tanta
1801 479 1902 535 est
1925 451 2400 560 quacumqueffi
2445 483 2522 537 ut

396 575 563 643 citra
598 568 810 641 ullum
846 596 1109 640 sensum
1152 572 1236 643 ad
1272 595 1419 642 ossa
1452 586 1790 656 consecet,
1834 570 2154 666 quidquid
2193 571 2521 642 afflaveiit

400 679 713 773 corporis.
752 679 857 746 Ex
892 663 1161 748 massis⁶
1204 703 1433 748 rursus
1476 678 1834 748 funditur
1815 703 1886 746 m
1937 675 2220 747 officinis
2239 730 2260 765 ,
2317 679 2524 772 tingi-

400 799 657 879 turque.
691 785 779 854 Et
800 781 979 852 aliud
1004 783 1199 853 flatu⁷
1228 784 1578 880 figuratur,
1603 783 1780 853 aliud
1803 769 2033 853 torno⁸
2059 784 2318 866 teritur,
2345 783 2525 854 aliud

400 887 689 984 argent?
731 889 931 958 modo
972 888 1262 979 caelatur,
1300 890 1546 962 Sidone
1590 889 1978 986 quondam
1959 891 2040 959 iis
2075 889 2360 960 officinis
2403 913 2524 960 no-

402 995 517 1064 bili
550 1021 567 1062 :
606 994 925 1089 siquidem
955 999 1153 1066 etiam
1193 996 1461 1092 specula
1486 999 1998 1090 excogitaverat.
2031 999 2192 1064 Haec
2217 995 2344 1066 filit
2373 996 2532 1065 anti-

400 1125 531 1196 qua
544 1101 715 1169 ratio
730 1102 904 1170 vitri.
928 1104 1075 1171 Jam
1100 1126 1259 1172 vero
1282 1117 1351 1172 et
1376 1103 1445 1171 in
1456 1101 1817 1190 Vulturno,
1838 1099 2058 1170 mari¹⁰
2077 1099 2310 1186 Italiae,
2327 1125 2526 1170 arena

401 1205 551 1276 alba
574 1229 877 1294 nascens,
894 1231 1007 1276 sex
1032 1231 1095 1278 ιι
1120 1232 1289 1302 pass.
1318 1207 1562 1297 littore,
1583 1212 1758 1280 inter
1771 1210 2020 1278 Cumas
2045 1207 2292 1300 atque¹¹
2323 1209 2528 1278 Liter-

333 1344 365 1398 3
404 1337 595 1398 num,
638 1329 787 1406 quae
838 1312 1269 1384 mollissima¹'
1318 1331 1449 1404 est,
1503 1315 1638 1410 pila
1685 1313 1988 1409 molaque
2044 1315 2296 1384 teritur.
2352 1315 2566 1387 Dein‘

402 1505 598 1560 verbis.
650 1505 901 1560 Viti-ariis
944 1505 1057 1559 aliis
1102 1504 1267 1560 hodic
1317 1520 1421 1562 tre·

409 1599 531 1638 sunt
554 1585 795 1639 fornaces
809 1625 825 1651 ,
854 1586 967 1638 aliis
986 1584 1136 1651 duo,
1163 1587 1278 1639 aliis
1296 1605 1420 1640 una.

405 1665 619 1730 Quibus
644 1679 774 1724 tres,
824 1666 883 1718 hi
910 1666 967 1717 in
988 1667 1162 1736 prima
1180 1680 1423 1738 coquunt

406 1745 677 1798 materiam
698 1785 713 1810 ‚
750 1747 807 1798 in
830 1743 1061 1799 secunda
1084 1759 1385 1816 recoquunt
1404 1785 1423 1813 ‚

407 1824 461 1876 in
478 1825 633 1877 tertia
650 1825 967 1896 refrigerant
979 1825 1143 1878 vitrea
1156 1843 1274 1879 vasa
1288 1864 1305 1890 ,
1322 1844 1424 1879 co-

406 1917 626 1974 temque
645 1922 806 1974 opera
824 1903 1119 1956 candentia.
1148 1905 1391 1974 Agricola
1406 1941 1423 1971 ,

407 1980 477 2034 de
496 1983 575 2035 Re
592 1982 892 2035 metall.lib.
908 1983 1040 2046 ΧΗ,
1066 2002 1185 2054 pag.
1208 1989 1277 2052 47
1293 2001 1314 2035 ι
1328 1983 1422 2036 .Η.

492 2061 545 2114 5.
573 2062 897 2132 Quacumque.
919 2063 1271 2132 Quocumque
1291 2059 1423 2133 quid

409 2135 584 2192 inassae
613 2137 735 2192 vitri
760 2141 1012 2192 ferventis
1030 2139 1296 2193 inciderit.
1322 2140 1391 2193 H.

490 2222 542 2272 6.
568 2219 655 2271 Ex
686 2222 868 2272 massis.
906 2217 1170 2285 Isidorus,
1197 2219 1300 2274 loc.
1331 2219 1419 2288 cit.

426 2353 431 2360 ,
490 2317 545 2368 7.
570 2299 645 2351 Ee
663 2299 955 2368 aliudflatu.
974 2295 1072 2352 Uti
1091 2317 1236 2351 nunc
1257 2299 1423 2353 moris

406 2389 487 2430 est
502 2377 558 2430 in
580 2377 825 2432 vitrariis.
844 2376 1026 2430 Ηιιιι).

491 2460 545 2511 Β.
569 2457 730 2510 Aliud
751 2470 905 2509 tomo.
935 2457 1052 2510 Hoc
1072 2456 1203 2510 olim
1229 2476 1245 2511 :
1280 2477 1425 2514 nunc

410 2537 698 2590 obmutuit.
725 2537 911 2590 Torno
932 2535 1145 2591 formati
1177 2537 1363 2592 calices
1394 2559 1423 2592 e

410 2615 577 2679 vitro,
620 2613 841 2668 audaces
864 2614 1204 2681 dicebantur,
1234 2629 1286 2670 et
1309 2617 1427 2690 ple·

410 2693 513 2748 beii
558 2707 736 2748 tamen
764 2709 938 2761 erant,
990 2707 1043 2748 et
1078 2715 1243 2768 parvo
1280 2698 1425 2750 veni·

410 2773 557 2849 bant.
582 2773 866 2837 Martialis,
904 2775 1044 2830 libro
1072 2775 1227 2842 xlv,
1255 2777 1422 2848 epigr.

410 2870 530 2906 xcxv
544 2891 561 2920 ,
590 2855 738 2924 cujus
757 2854 979 2924 lemma,
998 2877 1020 2898 ι
1042 2855 1244 2908 Calices
1261 2853 1425 2908 auda-

406 2948 492 2986 ces
535 2949 548 2963 ·
588 2929 700 2989 Nos
742 2952 920 2988 sumus
962 2932 1179 2988 audacis
1218 2934 1425 3006 plebeia

408 3024 697 3069 toreumata
721 3014 875 3078 vitri,
896 3014 1088 3071 Nostra
1104 3033 1204 3066 nec
1220 3012 1427 3074 ardenti

408 3107 615 3160 gemma
642 3088 829 3170 feritur
851 3112 1057 3164 aqua.-
1035 3093 1145 3145 »H
1150 3093 1422 3148 .——-Ala'ud.

408 3169 577 3222 Mults
623 3171 903 3262 utriusque
952 3172 1157 3243 generis
1199 3185 1427 3238 exstant,

408 3269 527 3322 qun
551 3247 811 3313 diximus,
828 3243 971 3321 pates
1000 3255 1233 3324 antiques.
1255 3253 1424 3306 Bnor.

488 3347 540 3398 9·
558 3331 719 3384 Aliud
732 3336 937 3402 argenti.
964 3331 1194 3386 Achilles
1210 3331 1425 3398 Tatius,

409 3407 505 3464 lib.
536 3411 593 3464 11
640 3407 708 3466 de
757 3411 1024 3464 amoribus
1066 3410 1427 3480 Clitophontis

410 3501 464 3540 et
488 3489 812 3561 Leucippen,
845 3489 1099 3562 poculum
1120 3507 1151 3541 e
1168 3488 1306 3542 vitro
1330 3507 1427 3542 οω-

408 3567 517 3622 lato
550 3568 840 3622 describit:
880 3573 1120 3638 Κρατῆρα
1158 3569 1425 3636 παρέθηκεν

407 3647 541 3718 μαι-ὰ
570 3650 648 3701 τὸν
680 3652 897 3702 Γλαύκου
926 3654 1011 3700 τοῦ
1034 3648 1157 3700 Χίου
1177 3643 1420 3718 &scrupos-

404 3727 555 3780 ὑάλου
580 3730 668 3799 μέν
689 3747 761 3780 τοι
784 3729 917 3798 ἕργον
950 3728 1301 3798 ὄρωρυγμίνης,
1322 3741 1423 3782 etc.

411 3805 477 3858 In
492 3805 777 3875 scalpendo
803 3825 967 3878 porro
1006 3805 1333 3871 caehndove,
1356 3825 1426 3861 ne

408 3883 779 3954 frangerentur
816 3887 957 3940 vitra
973 3924 991 3953 ,
1030 3906 1218 3959 magna
1250 3887 1424 3941 cautio

408 3962 511 4016 fuit
542 3979 557 4013 t
584 3982 711 4016 mm
731 4000 751 4030 ,
774 3970 857 4018 ‘ut
898 3967 1093 4022 cecinit
1135 3966 1392 4023 Martialis
1409 4005 1426 4038 ,

1509 1509 1604 1562 lib.
1653 1508 1820 1568 xlv,
1891 1506 2148 1578 epigram.
2203 1493 2342 1576 cxv,
2379 1487 2532 1576 cujus

1507 1587 1732 1653 lemma,
1784 1609 1806 1630 α
1833 1585 2056 1640 ‘Calices
2095 1586 2250 1638 vitrei
2284 1604 2299 1639 :
2336 1586 2530 1658 quibus

1507 1666 1703 1721 addere
1728 1666 1885 1736 plura
1911 1667 2051 1718 Dum
2083 1666 2232 1737 cupit
2252 1701 2272 1732 ,
2302 1665 2370 1718 ah
2397 1683 2530 1736 quo·

1466 1813 1473 1824 ,
1511 1746 1607 1800 ties
1634 1743 1873 1818 perdidit
1897 1758 2081 1798 auctor
2101 1743 2282 1815 opus?
2321 1770 2345 1791 ι
2373 1744 2441 1796 Ηζ

1598 1843 1682 1878 10.
1718 1826 1775 1876 V
1769 1827 1962 1878 ulturno
2005 1828 2145 1876 mari.
2186 1823 2350 1890 Quod
2390 1825 2530 1877 circa

1510 1903 1706 1958 ostium
1751 1903 2007 1956 Vulturni
2049 1903 2262 1967 amnis,
2310 1918 2418 1974 quo
2461 1900 2532 1954 de

1511 1999 1668 2036 amne
1689 1980 1921 2036 diximus
1940 1983 2036 2035 hb
2061 1982 2178 2049 111,
2207 1997 2322 2058 cap.
2343 2001 2411 2050 9,
2429 1999 2529 2050 ap-

1511 2061 1800 2132 pellatione
1842 2061 2004 2116 maris
2045 2061 2193 2134 quod
2235 2079 2348 2114 eam
2379 2079 2525 2114 oram

1509 2131 1696 2207 anniti,
1719 2142 1857 2194 nulli
1891 2141 2041 2197 alteri
2085 2141 2360 2213 scriptori,
2383 2137 2530 2211 quod

1513 2219 1732 2292 quidem
1764 2223 1954 2287 sciam,
1986 2233 2253 2292 usurpata.
2288 2219 2530 2273 11.—Br.

1516 2303 1568 2352 in
1591 2299 1884 2368 Vulturno,
1881 2321 2004 2355 man
1997 2301 2142 2354 'ltaL
2165 2302 2269 2354 En.

1598 2399 1621 2435 ι
1639 2400 1688 2434 ι.
1739 2383 1906 2452 Atque
1962 2383 2225 2433 Liternum.
2269 2380 2334 2432 In
2385 2377 2536 2431 libris

1511 2459 1769 2514 hactenus
1787 2460 2040 2530 vulgatis,
2071 2459 2248 2510 Cumas
2275 2470 2420 2528 atque
2437 2457 2538 2508 Lu-

1512 2543 1710 2592 crinum.
1733 2541 1798 2590 In
1819 2539 1949 2607 neg.
1974 2557 2001 2590 2
2023 2549 2076 2588 et
2105 2535 2262 2589 Colb.
2286 2536 2316 2588 3
2337 2574 2352 2601 ,
2391 2547 2533 2606 atque

1511 2618 1740 2686 littorum.
1771 2615 2074 2669 Indubitatu
2103 2612 2404 2667 emendatio
2429 2628 2534 2678 est,

1511 2709 1652 2768 acque
1671 2697 1930 2750 Liternum.
1958 2695 2101 2747 Tum
2125 2693 2491 2763 eit-Antonino
2515 2734 2531 2760 ,

1510 2775 1620 2829 sive
1658 2775 1902 2840 AEthico.
1935 2775 2030 2846 qui
2053 2775 2110 2826 in
2135 2773 2327 2826 itinere
2347 2793 2376 2825 a
2402 2773 2536 2826 Tar-

1511 2855 1692 2912 racina
1715 2853 2027 2924 Neapolim,
2077 2853 2298 2911 Literno
2337 2851 2538 2908 Cumas

1515 2947 1666 2990 tanto
1737 2933 1932 2988 distare
2005 2933 2288 2989 intervallo
2341 2930 2534 2996 docet,

1513 3028 1770 3087 quantum
1797 3009 1932 3065 illud
1961 3011 2124 3068 modo
2149 3013 2302 3068 littus
2317 3030 2427 3069 esse
2451 3009 2532 3064 di·

1514 3095 1673 3156 citur,
1697 3112 1806 3164 quo
1824 3091 2154 3162 Vulturnum
2167 3110 2313 3148 mare
2333 3107 2538 3144 nuncu-

1513 3186 1688 3245 patur,
1735 3171 1976 3238 boc-est,
2014 3189 2072 3240 yx
2101 3189 2165 3223 u.
2189 3189 2238 3224 r.
2279 3171 2420 3240 Tum
2471 3188 2537 3221 ex

1515 3253 1692 3322 Plinio
1723 3251 1875 3323 ipso,
1915 3252 2011 3322 qui
2041 3253 2135 3304 lib.
2163 3250 2279 3314 111,
2315 3267 2432 3318 cap.
2466 3266 2498 3316 9
2519 3285 2536 3309 ,

1512 3313 1628 3387 liaec
1655 3349 1763 3402 esse
1789 3332 1960 3386 vicina
1986 3332 2123 3385 inter
2161 3347 2216 3382 se
2255 3326 2504 3382 admonet
2521 3364 2537 3391 ‚

1514 3412 1853 3480 Vulturnum
1865 3452 1884 3476 ,
1905 3408 2196 3478 undemuri
2219 3405 2500 3479 appellatio
2517 3443 2534 3470 ,

1513 3489 1789 3562 Liternum
1813 3529 1830 3557 ,
1879 3491 2074 3558 Cumas
2114 3509 2127 3539 ε
2184 3513 2208 3536 ι
2233 3489 2298 3543 In
2329 3503 2421 3538 ora
2444 3524 2458 3537 .
2480 3524 2494 3539 .
2516 3523 2530 3536 .

1515 3571 1846 3625 Vulturnum
1896 3567 2158 3641 oppidum
2202 3585 2322 3622 cum
2354 3579 2540 3626 amne,

1512 3649 2006 3715 Liternum,Cumoe
2029 3643 2478 3702 Chalcidensium.
2508 3667 2531 3690 ι

1515 3729 1764 3784 Suboluit
1779 3729 1869 3782 hic
1889 3729 2001 3800 ejus
2019 3727 2126 3782 loci
2141 3743 2290 3778 error
2305 3721 2538 3792 Camillo

1513 3809 1845 3880 Pellegrino,
1889 3808 1986 3862 lib.
2025 3805 2093 3860 de
2143 3805 2412 3873 Campania
2449 3801 2542 3854 Fa

1514 3890 1638 3953 lice,
1669 3907 1792 3960 pag.
1825 3887 2174 3943 183.1121m.

1602 3989 1624 4022 ι
1640 3987 1692 4022 a.
1739 3969 1868 4037 Qec
1907 3965 2212 4027 mollissima,
2267 3975 2370 4016 etc.
2411 3959 2538 4012 Hoc
