2975 4684
793 358 926 427 DE
973 357 1394 427 PLUMBO
1443 356 1568 423 ET
1614 354 2033 425 STANNO.
2331 381 2457 453 ²7¹

352 476 670 533 harentibus
693 492 818 529 saxo
839 474 1068 529 candido
1096 487 1186 529 aut
1206 474 1360 527 rufo:
1397 490 1783 545 nonnunquam
1823 474 1981 527 etiam
2019 472 2273 531 fluoribus
2310 478 2442 531 albis
2457 516 2474 540 ‚

354 564 504 619 flavis
517 602 534 627 ,
563 575 656 617 aut
679 562 937 633 viridibus
951 562 1284 615 admiscetur.
1936 610 1947 623 ,

423 651 632 704 Plumbi
659 650 863 703 minere
891 648 1139 703 nonnihil
1165 648 1368 721 argenti
1398 648 1509 701 fere
1532 666 1743 719 semper
1782 648 2053 715 continet;
2081 660 2133 702 et
2158 650 2473 721 quibusdam

357 739 416 793 in
439 738 777 811 regionibus,
804 750 864 791 ut
891 738 946 790 in
973 738 1170 809 Angliae
1210 737 1476 809 provincia
1511 756 1630 808 quie
1661 738 1913 805 Cardigan
1939 736 2159 802 dicitur,
2184 739 2477 809 plumbet-ia

356 845 492 881 vena
511 825 716 897 argenti
741 825 874 878 adeo
893 826 1040 878 ferax
1063 839 1160 889 eat,
1185 838 1244 877 ut
1265 843 1328 877 ex
1347 824 1561 877 minerae
1582 823 1730 876 libris
1758 823 1965 877 duobus
1988 825 2222 879 millibus
2239 865 2253 891 ,
2272 826 2473 891 decem,

355 911 658 985 quindecim
673 949 690 975 ,
715 925 767 966 et
789 930 1178 983 nonnunquam
1204 910 1394 982 viginti
1425 911 1627 981 argenti
1652 910 1801 963 libro
1830 911 2187 965 extrahantur.

429 999 614 1052 Plures
631 1009 755 1050 sunt
773 998 976 1069 plumbi
998 998 1209 1050 minerae
1235 997 1293 1048 in
1319 996 1576 1067 Hispania
1594 1036 1607 1060 ‚
1628 994 1782 1049 Italia
1799 1036 1814 1059 ‚
1834 1009 1885 1051 et
1903 997 2203 1052 Germania.
2220 1000 2283 1052 In
2304 1000 2471 1055 Gallia

359 1103 574 1158 quoque
593 1102 702 1136 non
725 1082 946 1150 desunt,
974 1081 1068 1136 sed
1087 1101 1155 1135 ex
1171 1082 1256 1135 his
1273 1082 1540 1136 metallum
1560 1081 1875 1135 difficillime
1892 1083 2195 1137 extrahitur.
2217 1085 2478 1159 Frequen-

361 1172 520 1227 tiores
541 1184 588 1225 et
619 1170 806 1224 divites
833 1182 959 1223 sunt
984 1170 1041 1221 in
1063 1168 1248 1239 Anglia
1275 1169 1484 1222 fodinae.

434 1262 522 1313 01»
555 1262 766 1315 eximias
795 1261 956 1334 hujus
979 1259 1178 1313 metalli
1219 1258 1403 1325 dotes,
1437 1259 1744 1313 Paracelsus
1776 1259 1909 1313 illud
1938 1272 2184 1332 quartam
2210 1262 2483 1317 medicinae
2511 1314 2519 1319 .

367 1350 664 1404 columnam
689 1350 1034 1421 nuncupavit.
1076 1347 1178 1400 Per
1209 1366 1264 1401 se
1297 1347 1597 1418 refrigerat,
1632 1348 1919 1413 incrassat,
1947 1349 2181 1420 repellit,
2203 1352 2445 1404 absorbet
2466 1390 2481 1414 ,

367 1448 420 1491 et
440 1437 726 1499 humorum
755 1434 1100 1489 acrimoniam
1124 1432 1406 1487 demulcet.
1426 1436 1717 1487 Veneream
1739 1432 2011 1487 libidinem
2036 1454 2221 1489 ancere
2238 1436 2487 1502 creditur,

369 1524 640 1595 sauguinis
679 1524 954 1593 phlogoses
976 1560 994 1586 ‚
1037 1522 1374 1594 partiumque
1413 1520 1856 1575 inflammationes
1898 1540 2245 1595 compescere.
2281 1525 2485 1579 Verum

369 1610 544 1665 nervis
565 1627 784 1680 prorsus
804 1608 1074 1661 inimicum
1101 1622 1180 1661 est
1203 1620 1254 1661 et
1280 1608 1513 1661 noxium.
1538 1608 1687 1661 Intus
1721 1621 1991 1680 sumptum
2018 1598 2275 1663 stomachi
2310 1616 2483 1683 gravi-

371 1709 534 1752 tatem
562 1716 681 1750 cum
713 1694 1028 1749 torminibus
1051 1696 1180 1749 diris
1207 1696 1434 1761 invehit,
1459 1698 1641 1749 alvum
1669 1708 1720 1749 et
1743 1696 1947 1748 urinam
1974 1698 2287 1768 supprimit,
2326 1718 2487 1753 mem·
2534 1712 2541 1721 “

377 1788 601 1840 brorum
629 1797 907 1838 tremorem
933 1797 983 1839 et
1027 1804 1299 1857 spasmum
1342 1785 1560 1850 excitat,
1594 1783 1865 1838 difficilem
1904 1785 2307 1856 respirationem
2336 1787 2493 1841 affert

375 1892 440 1928 ac
469 1872 678 1927 taudem
701 1874 1120 1928 suffocationem.
1149 1872 1307 1940 Quod
1343 1873 1558 1946 quidem
1588 1892 1615 1925 a
1650 1872 2078 1943 quamplurimis,
2119 1874 2255 1926 tristi
2276 1872 2490 1945 quidem

375 1961 726 2033 experientia,
748 1963 1150 2033 comprobatum
1176 1962 1302 2035 fuit,
1337 1962 1430 2033 qui
1457 1979 1619 2013 noxas
1641 1960 1977 2032 gravissimas
2004 1972 2057 2013 et
2089 1978 2224 2032 saepe
2250 1961 2493 2015 immedi-

377 2048 569 2103 cabiles
594 2049 823 2121 perpessi
853 2063 975 2103 sunt
1003 2069 1032 2103 a
1066 2061 1195 2120 potu
1235 2049 1480 2103 vinorum
1496 2090 1511 2115 ,
1536 2066 1653 2120 quoe
1686 2046 1915 2101 acidiora
1952 2048 2037 2099 vel
2070 2050 2362 2103 acescentia
2396 2069 2494 2121 per

373 2137 723 2209 lithargyrum
763 2138 1054 2191 immissum
1092 2136 1322 2189 nefando
1357 2136 1645 2206 mangonio
1674 2135 1915 2189 edulcata
1954 2136 2183 2189 fuerunt.
2209 2136 2495 2191 Plumbum

377 2224 552 2297 itaque
577 2236 630 2278 et
653 2226 830 2279 omnia
853 2227 966 2298 ejus
988 2238 1282 2297 preparata
1310 2224 1432 2277 usui
1451 2225 1630 2296 potius
1656 2236 1871 2278 externo
1900 2242 2061 2294 quam
2096 2225 2301 2279 interno
2333 2223 2495 2279 desti-

379 2310 688 2373 nandaesae
715 2312 906 2383 procul
933 2309 1098 2363 dubio
1127 2328 1417 2363 censemus.

450 2399 600 2451 Inter
624 2398 830 2469 plumbi
866 2411 1157 2470 praeparata
1201 2396 1524 2451 recensenda
1566 2408 1687 2450 sunt
1729 2396 1903 2467 primo
1934 2415 1996 2451 ea
2024 2415 2141 2468 quse
2179 2410 2497 2451 recrementa

384 2483 662 2547 dicuntur-3
689 2484 800 2537 calx
821 2504 1012 2556 nempe
1041 2502 1134 2538 seu
1155 2484 1314 2547 cinis,
1337 2482 1561 2536 minium
1578 2522 1593 2545 ‚
1620 2482 1971 2553 lithini-gyrus,
1998 2484 2281 2555 plumbum
2304 2498 2499 2549 ustum,

385 2584 441 2627 et
461 2590 672 2626 cerussa
693 2590 708 2625 ε
729 2572 922 2626 deinde
949 2572 1210 2644 chymicae
1226 2570 1662 2643 praeparationes,
1680 2586 1797 2640 qun
1820 2570 1938 2622 usui
1957 2570 2164 2624 medico
2184 2572 2502 2640 inserviunt,

385 2661 585 2715 scilicet
611 2674 816 2715 acetum
842 2662 1076 2727 saturni,
1096 2660 1172 2714 sal
1203 2677 1295 2713 seu
1318 2658 1630 2711 saccharum
1668 2656 1895 2722 saturni,
1934 2656 2253 2723 balsamum,
2278 2672 2330 2713 et
2366 2662 2503 2733 ejus·

387 2745 512 2800 dem
534 2749 751 2817 spiritus
780 2746 970 2801 ardens
993 2766 1055 2801 ac
1077 2750 1270 2801 oleum.
1878 2736 1885 2749 ⁸

461 2834 612 2897 calx,
640 2833 726 2887 vel
748 2835 882 2887 cinis
904 2834 1131 2904 plumbi,
1163 2846 1212 2886 et
1243 2831 1466 2885 minium
1500 2832 1575 2885 sic
1604 2844 1983 2903 praparantur.
2011 2832 2290 2887 Plumbum
2323 2834 2381 2886 in
2408 2854 2501 2907 pa-

394 2919 520 2975 tella
545 2928 717 2972 terrea
745 2920 848 2972 lata
875 2938 984 2972 nou
1029 2919 1238 2973 vitriata
1257 2956 1272 2982 ,
1298 2938 1462 2990 super
1506 2920 1758 2972 carbones
1786 2918 2039 2990 disposita
2056 2959 2071 2983 ,
2108 2920 2365 2975 funditur.
2390 2922 2503 2974 Me-

393 3007 582 3061 tallum
608 3006 783 3059 susum
815 3006 1022 3077 spatula
1045 3006 1217 3059 ferrea
1247 3006 1446 3063 tamdiu
1478 3008 1728 3078 agitetur,
1754 3006 1929 3061 donec
1954 3018 2119 3061 totum
2145 3011 2293 3062 abeat
2314 3010 2368 3061 in
2386 3012 2508 3083 pul-

394 3112 570 3147 verem
604 3092 916 3163 subnigrum
949 3091 1031 3144 vel
1058 3093 1355 3153 cinereum,
1391 3092 1480 3164 qui
1522 3093 1661 3157 calx,
1690 3093 1770 3145 vel
1807 3092 1939 3146 cinis
1965 3095 2171 3166 plumbi
2211 3095 2426 3151 dicitur.
2450 3099 2506 3153 si

393 3182 554 3253 paulo
583 3180 780 3235 diutius
805 3180 1137 3233 continuetur
1165 3179 1299 3251 ignis
1314 3220 1329 3245 ,
1356 3180 1531 3251 pulvis
1558 3178 1727 3234 flavus
1750 3180 1947 3247 evadit,
1967 3194 2019 3235 et
2041 3200 2069 3233 a
2092 3183 2379 3253 pictoribus
2397 3185 2507 3259 gal-

394 3269 504 3322 lico
537 3266 788 3321 idiomate
813 3268 1041 3325 massieoe
1067 3280 1420 3339 nuncupatur.
1442 3265 1683 3320 Tandem
1710 3267 1763 3319 in
1787 3267 1945 3321 furno
1980 3270 2261 3323 reverberii
2287 3272 2513 3325 calcina-

396 3366 480 3410 tus
503 3355 566 3409 fit
587 3354 1089 3431 rubicundissima,
1113 3365 1165 3407 et
1191 3354 1247 3407 in
1272 3354 1502 3409 officinis
1537 3355 1760 3407 minium
1791 3354 1997 3410 dicitur.

465 3444 616 3510 (Calx
641 3454 736 3497 aut
755 3443 886 3496 cinis
905 3442 1142 3515 plumbi,
1170 3441 1375 3509 uostris,
1403 3446 1555 3494 oxide
1574 3447 1637 3495 de
1650 3446 1818 3511 plomb
1830 3464 1850 3504 ,·
1883 3444 2104 3497 minium
2126 3482 2143 3509 ,
2164 3448 2336 3513 plomb
2359 3448 2508 3497 oxidd

396 3552 570 3603 rouge,
593 3536 833 3586 eri-oxidae
853 3536 914 3583 de
932 3536 1134 3602 plomb.)

467 3618 562 3674 11ae
585 3621 785 3693 plumbi
810 3620 1214 3691 preparationes
1246 3618 1535 3673 humorum
1561 3620 1904 3675 acrimoniam
1930 3621 2268 3697 obtundunt,
2302 3618 2509 3671 inflam-

402 3708 683 3763 mationem
707 3706 917 3769 sedam,
937 3708 1149 3760 hulcera
1169 3706 1392 3778 maligna
1411 3708 1707 3779 corrigunt,
1736 3721 2022 3780 expurgant
2042 3720 2095 3761 et
2120 3705 2189 3759 ad
2210 3705 2506 3757 cicatricem

405 3791 624 3850 ducunt.
669 3794 899 3849 Minium
935 3806 1215 3865 usurpatur
1255 3794 1309 3847 in
1347 3808 1621 3867 unguento
1659 3795 1821 3849 rubro
1862 3815 1952 3848 seu
1996 3794 2062 3846 de
2087 3792 2281 3855 minio,
2319 3792 2375 3865 35¹
2404 3810 2513 3843 em-

407 3879 602 3950 plustre
623 3901 718 3952 pro
751 3882 994 3937 fracturis
1015 3882 1080 3935 D.
1105 3880 1327 3947 Chares,
1363 3882 1415 3934 iu
1445 3884 1720 3954 emplastro
1746 3883 1997 3954 styptico‚
2027 3890 2076 3930 et
2096 3876 2378 3947 emplastro
2404 3898 2516 3933 ma·

409 3965 576 4019 tricali
613 3972 895 4024 roborante
933 3967 1188 4039 ejusdem.
