<?xml version="1.0" encoding="UTF-8"?>
<!DOCTYPE html PUBLIC "-//W3C//DTD XHTML 1.0 Transitional//EN"
    "http://www.w3.org/TR/xhtml1/DTD/xhtml1-transitional.dtd">
<html xmlns="http://www.w3.org/1999/xhtml" xml:lang="en" lang="en">
 <head>
  <title>
</title>
<meta http-equiv="Content-Type" content="text/html;charset=utf-8" />
  <meta name='ocr-system' content='tesseract 3.04.00' />
  <meta name='ocr-capabilities' content='ocr_page ocr_carea ocr_par ocr_line ocrx_word'/>
</head>
<body>
  <div class='ocr_page' id='page_1' title='image "./historinaturali00mgoog_0097.png"; bbox 0 0 2975 4684; ppageno 0'>
   <div class='ocr_carea' id='block_1_1' title="bbox 435 289 2002 360">
    <p class='ocr_par' dir='ltr' id='par_1_1' title="bbox 435 289 2002 360">
     <span class='ocr_line' id='line_1_1' title="bbox 435 289 2002 360; baseline -0.001 0"><span class='ocrx_word' id='word_1_1' title='bbox 435 289 526 360; x_wconf 84' lang='lat'><strong>88</strong></span> <span class='ocrx_word' id='word_1_2' title='bbox 965 291 1042 360; x_wconf 90' lang='lat' dir='ltr'><strong>C.</strong></span> <span class='ocrx_word' id='word_1_3' title='bbox 1097 289 2002 360; x_wconf 86' lang='lat' dir='ltr'><strong>PLINIINA&#39;1.HIST.</strong></span> 
     </span>
    </p>
   </div>
   <div class='ocr_carea' id='block_1_2' title="bbox 421 419 2565 1367">
    <p class='ocr_par' dir='ltr' id='par_1_2' title="bbox 421 419 2565 1367">
     <span class='ocr_line' id='line_1_2' title="bbox 431 419 2563 518; baseline 0.002 -28"><span class='ocrx_word' id='word_1_4' title='bbox 431 423 594 493; x_wconf 89' lang='lat' dir='ltr'><strong>Ideo</strong></span> <span class='ocrx_word' id='word_1_5' title='bbox 635 437 704 492; x_wconf 89' lang='lat' dir='ltr'><strong>et</strong></span> <span class='ocrx_word' id='word_1_6' title='bbox 744 423 993 516; x_wconf 84' lang='lat' dir='ltr'><strong>optime</strong></span> <span class='ocrx_word' id='word_1_7' title='bbox 1026 437 1305 518; x_wconf 83' lang='lat' dir='ltr'><strong>purgat,</strong></span> <span class='ocrx_word' id='word_1_8' title='bbox 1341 437 1611 495; x_wconf 82' lang='lat' dir='ltr'><strong>caeteras</strong></span> <span class='ocrx_word' id='word_1_9' title='bbox 1646 419 1787 516; x_wconf 85' lang='lat' dir='ltr'><strong>ejus</strong></span> <span class='ocrx_word' id='word_1_10' title='bbox 1809 419 2036 492; x_wconf 88' lang='lat' dir='ltr'><strong>sordes</strong></span> <span class='ocrx_word' id='word_1_11' title='bbox 2064 445 2391 517; x_wconf 83' lang='lat' dir='ltr'><strong>exspuens</strong></span> <span class='ocrx_word' id='word_1_12' title='bbox 2426 447 2563 494; x_wconf 87' lang='lat' dir='ltr'><strong>cre·</strong></span> 
     </span>
     <span class='ocr_line' id='line_1_3' title="bbox 431 513 2565 623; baseline 0.001 -25"><span class='ocrx_word' id='word_1_13' title='bbox 431 529 556 599; x_wconf 89' lang='lat' dir='ltr'><strong>bro</strong></span> <span class='ocrx_word' id='word_1_14' title='bbox 594 529 847 623; x_wconf 83' lang='lat' dir='ltr'><strong>jactatu</strong></span> <span class='ocrx_word' id='word_1_15' title='bbox 885 527 1254 598; x_wconf 85' lang='lat' dir='ltr'><strong>fictilibus</strong></span> <span class='ocrx_word' id='word_1_16' title='bbox 1237 554 1308 597; x_wconf 85' lang='lat' dir='ltr'><strong>m</strong></span> <span class='ocrx_word' id='word_1_17' title='bbox 1353 529 1567 613; x_wconf 84' lang='lat' dir='ltr'><strong>vasis,</strong></span> <span class='ocrx_word' id='word_1_18' title='bbox 1607 513 1942 598; x_wconf 82' lang='lat' dir='ltr'><strong>vestibus⁶</strong></span> <span class='ocrx_word' id='word_1_19' title='bbox 2003 529 2275 622; x_wconf 63' lang='lat' dir='ltr'><strong>injectis</strong></span> <span class='ocrx_word' id='word_1_20' title='bbox 2322 529 2451 599; x_wconf 88' lang='lat' dir='ltr'><strong>Sed</strong></span> <span class='ocrx_word' id='word_1_21' title='bbox 2490 545 2565 600; x_wconf 77' lang='lat' dir='ltr'><strong>ut</strong></span> 
     </span>
     <span class='ocr_line' id='line_1_4' title="bbox 428 633 2559 732; baseline 0 -27"><span class='ocrx_word' id='word_1_22' title='bbox 428 637 646 732; x_wconf 90' lang='lat' dir='ltr'><strong>ipsum</strong></span> <span class='ocrx_word' id='word_1_23' title='bbox 678 635 762 704; x_wconf 83' lang='lat' dir='ltr'><strong>ab</strong></span> <span class='ocrx_word' id='word_1_24' title='bbox 785 659 950 705; x_wconf 87' lang='lat' dir='ltr'><strong>auro</strong></span> <span class='ocrx_word' id='word_1_25' title='bbox 981 635 1307 722; x_wconf 88' lang='lat' dir='ltr'><strong>discedat,</strong></span> <span class='ocrx_word' id='word_1_26' title='bbox 1339 637 1406 704; x_wconf 91' lang='lat' dir='ltr'><strong>in</strong></span> <span class='ocrx_word' id='word_1_27' title='bbox 1433 633 1638 730; x_wconf 89' lang='lat' dir='ltr'><strong>pelles</strong></span> <span class='ocrx_word' id='word_1_28' title='bbox 1666 635 1971 705; x_wconf 83' lang='lat' dir='ltr'><strong>subactas</strong></span> <span class='ocrx_word' id='word_1_29' title='bbox 1997 634 2398 722; x_wconf 82' lang='lat' dir='ltr'><strong>effunditur,</strong></span> <span class='ocrx_word' id='word_1_30' title='bbox 2440 661 2559 731; x_wconf 89' lang='lat' dir='ltr'><strong>per</strong></span> 
     </span>
     <span class='ocr_line' id='line_1_5' title="bbox 429 739 2558 837; baseline 0 -26"><span class='ocrx_word' id='word_1_31' title='bbox 429 767 594 837; x_wconf 86' lang='lat' dir='ltr'><strong>quas</strong></span> <span class='ocrx_word' id='word_1_32' title='bbox 627 741 884 812; x_wconf 88' lang='lat' dir='ltr'><strong>sudoris</strong></span> <span class='ocrx_word' id='word_1_33' title='bbox 921 743 1068 813; x_wconf 81' lang='lat' dir='ltr'><strong>vice</strong></span> <span class='ocrx_word' id='word_1_34' title='bbox 1100 741 1427 830; x_wconf 90' lang='lat' dir='ltr'><strong>defluens,</strong></span> <span class='ocrx_word' id='word_1_35' title='bbox 1471 765 1716 836; x_wconf 89' lang='lat' dir='ltr'><strong>purum</strong></span> <span class='ocrx_word' id='word_1_36' title='bbox 1752 739 2064 835; x_wconf 82' lang='lat' dir='ltr'>relinquit</span> <span class='ocrx_word' id='word_1_37' title='bbox 2093 765 2351 811; x_wconf 84' lang='lat' dir='ltr'><strong>aurum.</strong></span> <span class='ocrx_word' id='word_1_38' title='bbox 2380 744 2558 837; x_wconf 80' lang='lat' dir='ltr'><strong>Ergo</strong></span> 
     </span>
     <span class='ocr_line' id='line_1_6' title="bbox 427 846 2554 943; baseline -0.001 -25"><span class='ocrx_word' id='word_1_39' title='bbox 427 862 497 918; x_wconf 87' lang='lat' dir='ltr'><strong>et</strong></span> <span class='ocrx_word' id='word_1_40' title='bbox 531 873 736 943; x_wconf 88' lang='lat' dir='ltr'><strong>quum</strong></span> <span class='ocrx_word' id='word_1_41' title='bbox 773 873 905 917; x_wconf 84' lang='lat' dir='ltr'><strong>aera</strong></span> <span class='ocrx_word' id='word_1_42' title='bbox 939 849 1350 936; x_wconf 75' lang='lat' dir='ltr'><strong>muniantur,</strong></span> <span class='ocrx_word' id='word_1_43' title='bbox 1377 847 1692 932; x_wconf 85' lang='lat' dir='ltr'><strong>sublitum</strong></span> <span class='ocrx_word' id='word_1_44' title='bbox 1724 846 2008 917; x_wconf 80' lang='lat' dir='ltr'><strong>bracteis</strong></span> <span class='ocrx_word' id='word_1_45' title='bbox 2044 849 2554 942; x_wconf 82' lang='lat' dir='ltr'><strong>pertinacissime</strong></span> 
     </span>
     <span class='ocr_line' id='line_1_7' title="bbox 426 951 2555 1085; baseline 0.001 -64"><span class='ocrx_word' id='word_1_46' title='bbox 426 953 726 1023; x_wconf 82' lang='lat' dir='ltr'><strong>retinet7.</strong></span> <span class='ocrx_word' id='word_1_47' title='bbox 763 957 1018 1024; x_wconf 87' lang='lat' dir='ltr'><strong>Verum</strong></span> <span class='ocrx_word' id='word_1_48' title='bbox 1068 953 1320 1085; x_wconf 81' lang='lat' dir='ltr'><strong>pallore</strong></span> <span class='ocrx_word' id='word_1_49' title='bbox 1363 953 1612 1049; x_wconf 86' lang='lat' dir='ltr'><strong>detegit</strong></span> <span class='ocrx_word' id='word_1_50' title='bbox 1652 951 1980 1049; x_wconf 86' lang='lat' dir='ltr'><strong>simplices</strong></span> <span class='ocrx_word' id='word_1_51' title='bbox 2022 968 2139 1022; x_wconf 87' lang='lat' dir='ltr'><strong>aut</strong></span> <span class='ocrx_word' id='word_1_52' title='bbox 2190 968 2555 1074; x_wconf 78' lang='lat' dir='ltr'><strong>praetenues</strong></span> 
     </span>
     <span class='ocr_line' id='line_1_8' title="bbox 423 1047 2553 1156; baseline 0.001 -30"><span class='ocrx_word' id='word_1_53' title='bbox 423 1061 748 1130; x_wconf 74' lang='lat' dir='ltr'><strong>bracteas,</strong></span> <span class='ocrx_word' id='word_1_54' title='bbox 788 1047 1260 1156; x_wconf 81' lang='lat' dir='ltr'><strong>Quapropter⁸</strong></span> <span class='ocrx_word' id='word_1_55' title='bbox 1303 1061 1372 1130; x_wconf 93' lang='lat' dir='ltr'><strong>id</strong></span> <span class='ocrx_word' id='word_1_56' title='bbox 1407 1061 1659 1130; x_wconf 86' lang='lat' dir='ltr'><strong>furtum</strong></span> <span class='ocrx_word' id='word_1_57' title='bbox 1700 1074 2105 1156; x_wconf 73' lang='lat' dir='ltr'><strong>quaerentes,</strong></span> <span class='ocrx_word' id='word_1_58' title='bbox 2148 1061 2258 1129; x_wconf 88' lang='lat' dir='ltr'><strong>ovi</strong></span> <span class='ocrx_word' id='word_1_59' title='bbox 2304 1058 2553 1154; x_wconf 84' lang='lat' dir='ltr'><strong>liquore</strong></span> 
     </span>
     <span class='ocr_line' id='line_1_9' title="bbox 424 1164 2551 1261; baseline 0.001 -24"><span class='ocrx_word' id='word_1_60' title='bbox 424 1165 707 1237; x_wconf 88' lang='lat' dir='ltr'><strong>candido</strong></span> <span class='ocrx_word' id='word_1_61' title='bbox 745 1191 938 1236; x_wconf 89' lang='lat' dir='ltr'><strong>usum</strong></span> <span class='ocrx_word' id='word_1_62' title='bbox 981 1192 1134 1236; x_wconf 87' lang='lat' dir='ltr'><strong>eum</strong></span> <span class='ocrx_word' id='word_1_63' title='bbox 1164 1166 1657 1237; x_wconf 82' lang='lat' dir='ltr'><strong>adulteravere·</strong></span> <span class='ocrx_word' id='word_1_64' title='bbox 1696 1191 1855 1236; x_wconf 85' lang='lat' dir='ltr'><strong>mox</strong></span> <span class='ocrx_word' id='word_1_65' title='bbox 1890 1180 1958 1236; x_wconf 83' lang='lat' dir='ltr'><strong>et</strong></span> <span class='ocrx_word' id='word_1_66' title='bbox 1995 1165 2439 1261; x_wconf 83' lang='lat' dir='ltr'><strong>hydrargyro,</strong></span> <span class='ocrx_word' id='word_1_67' title='bbox 2466 1164 2551 1240; x_wconf 79' lang='lat' dir='ltr'><strong>de</strong></span> 
     </span>
     <span class='ocr_line' id='line_1_10' title="bbox 421 1268 2551 1367; baseline -0.002 -25"><span class='ocrx_word' id='word_1_68' title='bbox 421 1297 558 1367; x_wconf 92' lang='lat' dir='ltr'><strong>quo</strong></span> <span class='ocrx_word' id='word_1_69' title='bbox 581 1270 754 1350; x_wconf 44' lang='lat' dir='ltr'><strong>,suoi</strong></span> <span class='ocrx_word' id='word_1_70' title='bbox 783 1273 1080 1344; x_wconf 84' lang='lat' dir='ltr'><strong>dicemus</strong></span> <span class='ocrx_word' id='word_1_71' title='bbox 1121 1272 1292 1344; x_wconf 90' lang='lat' dir='ltr'><strong>loco.</strong></span> <span class='ocrx_word' id='word_1_72' title='bbox 1329 1276 1420 1344; x_wconf 84' lang='lat' dir='ltr'><strong>Et</strong></span> <span class='ocrx_word' id='word_1_73' title='bbox 1447 1273 1606 1344; x_wconf 79' lang='lat' dir='ltr'><strong>alias</strong></span> <span class='ocrx_word' id='word_1_74' title='bbox 1634 1287 1981 1367; x_wconf 83' lang='lat' dir='ltr'><strong>argentum</strong></span> <span class='ocrx_word' id='word_1_75' title='bbox 2009 1275 2235 1342; x_wconf 84' lang='lat' dir='ltr'><strong>vivum</strong></span> <span class='ocrx_word' id='word_1_76' title='bbox 2267 1297 2399 1341; x_wconf 91' lang='lat' dir='ltr'><strong>non</strong></span> <span class='ocrx_word' id='word_1_77' title='bbox 2425 1268 2551 1339; x_wconf 83' lang='lat' dir='ltr'><strong>lar·</strong></span> 
     </span>
    </p>
   </div>
   <div class='ocr_carea' id='block_1_3' title="bbox 421 1380 1110 1472">
    <p class='ocr_par' dir='ltr' id='par_1_3' title="bbox 421 1380 1110 1472">
     <span class='ocr_line' id='line_1_11' title="bbox 421 1380 1110 1472; baseline 0.001 -25"><span class='ocrx_word' id='word_1_78' title='bbox 421 1402 581 1472; x_wconf 86' lang='lat' dir='ltr'><strong>gum</strong></span> <span class='ocrx_word' id='word_1_79' title='bbox 612 1380 956 1448; x_wconf 86' lang='lat' dir='ltr'><strong>inventum</strong></span> <span class='ocrx_word' id='word_1_80' title='bbox 993 1393 1110 1450; x_wconf 88' lang='lat' dir='ltr'><strong>est.</strong></span> 
     </span>
    </p>
   </div>
   <div class='ocr_carea' id='block_1_4' title="bbox 416 1587 2549 1660">
    <p class='ocr_par' dir='ltr' id='par_1_4' title="bbox 416 1587 2549 1660">
     <span class='ocr_line' id='line_1_12' title="bbox 416 1587 2549 1660; baseline 0.001 -19"><span class='ocrx_word' id='word_1_81' title='bbox 416 1605 540 1641; x_wconf 89' lang='lat' dir='ltr'><strong>mo:</strong></span> <span class='ocrx_word' id='word_1_82' title='bbox 561 1603 736 1658; x_wconf 75' lang='lat' dir='ltr'><strong>neque</strong></span> <span class='ocrx_word' id='word_1_83' title='bbox 755 1605 880 1640; x_wconf 88' lang='lat' dir='ltr'><strong>eum</strong></span> <span class='ocrx_word' id='word_1_84' title='bbox 902 1587 1166 1660; x_wconf 81' lang='lat' dir='ltr'><strong>liquorem</strong></span> <span class='ocrx_word' id='word_1_85' title='bbox 1183 1599 1358 1660; x_wconf 86' lang='lat' dir='ltr'><strong>potest</strong></span> <span class='ocrx_word' id='word_1_86' title='bbox 1379 1607 1445 1642; x_wconf 88' lang='lat' dir='ltr'><strong>eo</strong></span> <span class='ocrx_word' id='word_1_87' title='bbox 1526 1600 1650 1660; x_wconf 83' lang='lat' dir='ltr'><strong>pter</strong></span> <span class='ocrx_word' id='word_1_88' title='bbox 1684 1599 2031 1654; x_wconf 79' lang='lat' dir='ltr'><strong>vetustatem,</strong></span> <span class='ocrx_word' id='word_1_89' title='bbox 2062 1605 2215 1641; x_wconf 78' lang='lat' dir='ltr'><strong>usum</strong></span> <span class='ocrx_word' id='word_1_90' title='bbox 2247 1605 2350 1640; x_wconf 80' lang='lat' dir='ltr'><strong>nm</strong></span> <span class='ocrx_word' id='word_1_91' title='bbox 2386 1587 2549 1644; x_wconf 74' lang='lat' dir='ltr'><strong>habet</strong></span> 
     </span>
    </p>
   </div>
   <div class='ocr_carea' id='block_1_5' title="bbox 387 1667 1442 2056">
    <p class='ocr_par' dir='ltr' id='par_1_5' title="bbox 387 1667 1442 2056">
     <span class='ocr_line' id='line_1_13' title="bbox 387 1667 1442 1740; baseline 0.001 -20"><span class='ocrx_word' id='word_1_92' title='bbox 387 1683 581 1720; x_wconf 89' lang='lat' dir='ltr'><strong>-onere</strong></span> <span class='ocrx_word' id='word_1_93' title='bbox 599 1685 697 1719; x_wconf 82' lang='lat' dir='ltr'><strong>suo</strong></span> <span class='ocrx_word' id='word_1_94' title='bbox 717 1684 961 1736; x_wconf 82' lang='lat' dir='ltr'><strong>premere</strong></span> <span class='ocrx_word' id='word_1_95' title='bbox 975 1707 992 1733; x_wconf 90' lang='lat'><strong>,</strong></span> <span class='ocrx_word' id='word_1_96' title='bbox 1018 1687 1192 1740; x_wconf 86' lang='lat' dir='ltr'><strong>neque</strong></span> <span class='ocrx_word' id='word_1_97' title='bbox 1213 1667 1410 1721; x_wconf 83' lang='lat' dir='ltr'><strong>elidere</strong></span> <span class='ocrx_word' id='word_1_98' title='bbox 1425 1707 1442 1739; x_wconf 88' lang='lat'><strong>,</strong></span> 
     </span>
     <span class='ocr_line' id='line_1_14' title="bbox 413 1744 1438 1814; baseline 0 -14"><span class='ocrx_word' id='word_1_99' title='bbox 413 1765 514 1802; x_wconf 88' lang='lat' dir='ltr'><strong>nec</strong></span> <span class='ocrx_word' id='word_1_100' title='bbox 553 1744 810 1814; x_wconf 79' lang='lat' dir='ltr'><strong>dissipare</strong></span> <span class='ocrx_word' id='word_1_101' title='bbox 851 1747 1156 1800; x_wconf 72' lang='lat' dir='ltr'><strong>centonario</strong></span> <span class='ocrx_word' id='word_1_102' title='bbox 1199 1747 1438 1814; x_wconf 77' lang='lat' dir='ltr'><strong>sublato,</strong></span> 
     </span>
     <span class='ocr_line' id='line_1_15' title="bbox 413 1824 1438 1898; baseline 0 -19"><span class='ocrx_word' id='word_1_103' title='bbox 413 1827 458 1879; x_wconf 78' lang='lat' dir='ltr'><strong>si</strong></span> <span class='ocrx_word' id='word_1_104' title='bbox 493 1824 570 1878; x_wconf 88' lang='lat' dir='ltr'><strong>ibi</strong></span> <span class='ocrx_word' id='word_1_105' title='bbox 605 1824 724 1877; x_wconf 77' lang='lat' dir='ltr'><strong>auri</strong></span> <span class='ocrx_word' id='word_1_106' title='bbox 753 1825 1066 1895; x_wconf 87' lang='lat' dir='ltr'><strong>scrupulum</strong></span> <span class='ocrx_word' id='word_1_107' title='bbox 1115 1825 1438 1898; x_wconf 74' lang='lat' dir='ltr'><strong>imponatur,</strong></span> 
     </span>
     <span class='ocr_line' id='line_1_16' title="bbox 413 1903 1438 1976; baseline 0.002 -18"><span class='ocrx_word' id='word_1_108' title='bbox 413 1925 524 1958; x_wconf 86' lang='lat' dir='ltr'><strong>non</strong></span> <span class='ocrx_word' id='word_1_109' title='bbox 547 1903 782 1965; x_wconf 78' lang='lat' dir='ltr'><strong>natabit,</strong></span> <span class='ocrx_word' id='word_1_110' title='bbox 817 1903 911 1957; x_wconf 80' lang='lat' dir='ltr'><strong>sed</strong></span> <span class='ocrx_word' id='word_1_111' title='bbox 950 1903 1019 1957; x_wconf 78' lang='lat' dir='ltr'><strong>sd</strong></span> <span class='ocrx_word' id='word_1_112' title='bbox 1050 1905 1217 1958; x_wconf 89' lang='lat' dir='ltr'><strong>imum</strong></span> <span class='ocrx_word' id='word_1_113' title='bbox 1254 1923 1352 1976; x_wconf 91' lang='lat' dir='ltr'><strong>per</strong></span> <span class='ocrx_word' id='word_1_114' title='bbox 1381 1925 1438 1960; x_wconf 85' lang='lat' dir='ltr'><strong>se</strong></span> 
     </span>
     <span class='ocr_line' id='line_1_17' title="bbox 413 1981 1437 2056; baseline 0.001 -19"><span class='ocrx_word' id='word_1_115' title='bbox 413 1981 767 2056; x_wconf 82' lang='lat' dir='ltr'><strong>deprimetur.</strong></span> <span class='ocrx_word' id='word_1_116' title='bbox 812 1982 894 2035; x_wconf 76' lang='lat' dir='ltr'><strong>Ita</strong></span> <span class='ocrx_word' id='word_1_117' title='bbox 933 2002 1042 2036; x_wconf 83' lang='lat' dir='ltr'><strong>non</strong></span> <span class='ocrx_word' id='word_1_118' title='bbox 1086 1983 1437 2056; x_wconf 77' lang='lat' dir='ltr'><strong>amplitudine</strong></span> 
     </span>
    </p>
   </div>
   <div class='ocr_carea' id='block_1_6' title="bbox 407 2060 1474 2136">
    <p class='ocr_par' dir='ltr' id='par_1_6' title="bbox 407 2060 1474 2136">
     <span class='ocr_line' id='line_1_18' title="bbox 407 2060 1474 2136; baseline 0 -20"><span class='ocrx_word' id='word_1_119' title='bbox 407 2061 689 2136; x_wconf 83' lang='lat' dir='ltr'><strong>ponderis,</strong></span> <span class='ocrx_word' id='word_1_120' title='bbox 733 2060 827 2114; x_wconf 87' lang='lat' dir='ltr'><strong>sed</strong></span> <span class='ocrx_word' id='word_1_121' title='bbox 867 2081 1058 2134; x_wconf 83' lang='lat' dir='ltr'><strong>genere</strong></span> <span class='ocrx_word' id='word_1_122' title='bbox 1106 2064 1434 2136; x_wconf 77' lang='lat' dir='ltr'><strong>singularum</strong></span> <span class='ocrx_word' id='word_1_123' title='bbox 1457 2119 1474 2128; x_wconf 66' lang='lat'><strong>,</strong></span> 
     </span>
    </p>
   </div>
   <div class='ocr_carea' id='block_1_7' title="bbox 405 2141 1437 2676">
    <p class='ocr_par' dir='ltr' id='par_1_7' title="bbox 407 2141 1437 2374">
     <span class='ocr_line' id='line_1_19' title="bbox 408 2141 1437 2212; baseline 0 -16"><span class='ocrx_word' id='word_1_124' title='bbox 408 2161 592 2196; x_wconf 87' lang='lat' dir='ltr'><strong>rerum</strong></span> <span class='ocrx_word' id='word_1_125' title='bbox 611 2141 925 2212; x_wconf 76' lang='lat' dir='ltr'><strong>gravitatem</strong></span> <span class='ocrx_word' id='word_1_126' title='bbox 953 2160 1064 2196; x_wconf 82' lang='lat' dir='ltr'><strong>esse</strong></span> <span class='ocrx_word' id='word_1_127' title='bbox 1079 2181 1095 2208; x_wconf 87' lang='lat'><strong><em>‚</em></strong></span> <span class='ocrx_word' id='word_1_128' title='bbox 1110 2162 1218 2196; x_wconf 89' lang='lat' dir='ltr'><strong>non</strong></span> <span class='ocrx_word' id='word_1_129' title='bbox 1244 2155 1322 2196; x_wconf 86' lang='lat' dir='ltr'><strong>est</strong></span> <span class='ocrx_word' id='word_1_130' title='bbox 1344 2162 1437 2197; x_wconf 92' lang='lat' dir='ltr'><strong>ne·</strong></span> 
     </span>
     <span class='ocr_line' id='line_1_20' title="bbox 408 2220 1434 2294; baseline 0.002 -20"><span class='ocrx_word' id='word_1_131' title='bbox 408 2221 696 2294; x_wconf 63' lang='lat' dir='ltr'><strong>gundum..</strong></span> <span class='ocrx_word' id='word_1_132' title='bbox 725 2221 1038 2274; x_wconf 75' lang='lat' dir='ltr'><strong>Vitruvium</strong></span> <span class='ocrx_word' id='word_1_133' title='bbox 1063 2220 1284 2275; x_wconf 90' lang='lat' dir='ltr'><strong>totidem</strong></span> <span class='ocrx_word' id='word_1_134' title='bbox 1314 2241 1434 2276; x_wconf 79' lang='lat' dir='ltr'><strong>ver-</strong></span> 
     </span>
     <span class='ocr_line' id='line_1_21' title="bbox 407 2301 1432 2374; baseline 0.003 -20"><span class='ocrx_word' id='word_1_135' title='bbox 407 2302 492 2355; x_wconf 83' lang='lat' dir='ltr'><strong>bis</strong></span> <span class='ocrx_word' id='word_1_136' title='bbox 505 2301 637 2356; x_wconf 83' lang='lat' dir='ltr'><strong>Isid.</strong></span> <span class='ocrx_word' id='word_1_137' title='bbox 659 2303 930 2373; x_wconf 83' lang='lat' dir='ltr'><strong>expressit,</strong></span> <span class='ocrx_word' id='word_1_138' title='bbox 944 2301 1134 2374; x_wconf 78' lang='lat' dir='ltr'><strong>Origg.</strong></span> <span class='ocrx_word' id='word_1_139' title='bbox 1154 2301 1306 2367; x_wconf 82' lang='lat' dir='ltr'><strong>xvl,</strong></span> <span class='ocrx_word' id='word_1_140' title='bbox 1343 2305 1432 2357; x_wconf 79' lang='lat'><strong>18.</strong></span> 
     </span>
    </p>

    <p class='ocr_par' dir='ltr' id='par_1_8' title="bbox 405 2381 1434 2676">
     <span class='ocr_line' id='line_1_22' title="bbox 490 2381 1431 2453; baseline -0.001 -17"><span class='ocrx_word' id='word_1_141' title='bbox 490 2386 545 2437; x_wconf 90' lang='grc'><strong>6.</strong></span> <span class='ocrx_word' id='word_1_142' title='bbox 572 2381 814 2434; x_wconf 76' lang='lat' dir='ltr'><strong>Vestibus.</strong></span> <span class='ocrx_word' id='word_1_143' title='bbox 850 2382 897 2433; x_wconf 82' lang='lat' dir='ltr'>A</span> <span class='ocrx_word' id='word_1_144' title='bbox 923 2381 1184 2447; x_wconf 79' lang='lat' dir='ltr'><strong>vestibus,</strong></span> <span class='ocrx_word' id='word_1_145' title='bbox 1228 2382 1431 2453; x_wconf 85' lang='lat' dir='ltr'><strong>inquit,</strong></span> 
     </span>
     <span class='ocr_line' id='line_1_23' title="bbox 407 2460 1434 2534; baseline 0.002 -20"><span class='ocrx_word' id='word_1_146' title='bbox 407 2461 615 2534; x_wconf 79' lang='lat' dir='ltr'><strong>injectis</strong></span> <span class='ocrx_word' id='word_1_147' title='bbox 656 2462 710 2513; x_wconf 86' lang='lat' dir='ltr'><strong>in</strong></span> <span class='ocrx_word' id='word_1_148' title='bbox 747 2477 867 2513; x_wconf 74' lang='lat' dir='ltr'><strong>vasa</strong></span> <span class='ocrx_word' id='word_1_149' title='bbox 899 2460 1115 2527; x_wconf 78' lang='lat' dir='ltr'><strong>fictilia,</strong></span> <span class='ocrx_word' id='word_1_150' title='bbox 1148 2473 1200 2514; x_wconf 90' lang='lat' dir='ltr'><strong>et</strong></span> <span class='ocrx_word' id='word_1_151' title='bbox 1225 2461 1298 2514; x_wconf 87' lang='lat' dir='ltr'><strong>ibi</strong></span> <span class='ocrx_word' id='word_1_152' title='bbox 1323 2479 1434 2516; x_wconf 83' lang='lat' dir='ltr'><strong>cre·</strong></span> 
     </span>
     <span class='ocr_line' id='line_1_24' title="bbox 405 2538 1428 2612; baseline 0.002 -19"><span class='ocrx_word' id='word_1_153' title='bbox 405 2543 581 2600; x_wconf 82' lang='lat' dir='ltr'><strong>matis,</strong></span> <span class='ocrx_word' id='word_1_154' title='bbox 605 2540 718 2593; x_wconf 74' lang='lat' dir='ltr'><strong>auri</strong></span> <span class='ocrx_word' id='word_1_155' title='bbox 731 2538 914 2592; x_wconf 84' lang='lat' dir='ltr'><strong>sordes</strong></span> <span class='ocrx_word' id='word_1_156' title='bbox 929 2554 1135 2612; x_wconf 72' lang='lat' dir='ltr'><strong>separat</strong></span> <span class='ocrx_word' id='word_1_157' title='bbox 1154 2555 1428 2612; x_wconf 77' lang='lat' dir='ltr'><strong>argentum</strong></span> 
     </span>
     <span class='ocr_line' id='line_1_25' title="bbox 405 2619 1428 2676; baseline 0.002 -2"><span class='ocrx_word' id='word_1_158' title='bbox 405 2621 586 2674; x_wconf 79' lang='lat' dir='ltr'><strong>vivum</strong></span> <span class='ocrx_word' id='word_1_159' title='bbox 625 2620 690 2672; x_wconf 89' lang='lat' dir='ltr'><strong>iis</strong></span> <span class='ocrx_word' id='word_1_160' title='bbox 714 2619 1036 2673; x_wconf 82' lang='lat' dir='ltr'><strong>immixtum.</strong></span> <span class='ocrx_word' id='word_1_161' title='bbox 1079 2619 1146 2674; x_wconf 83' lang='lat' dir='ltr'><strong>H.</strong></span> <span class='ocrx_word' id='word_1_162' title='bbox 1181 2653 1258 2664; x_wconf 92' lang='lat'><strong>--</strong></span> <span class='ocrx_word' id='word_1_163' title='bbox 1293 2623 1428 2676; x_wconf 85' lang='lat' dir='ltr'><strong>Ideo.</strong></span> 
     </span>
    </p>
   </div>
   <div class='ocr_carea' id='block_1_8' title="bbox 403 2699 1481 2770">
    <p class='ocr_par' dir='ltr' id='par_1_9' title="bbox 403 2699 1481 2770">
     <span class='ocr_line' id='line_1_26' title="bbox 403 2699 1481 2770; baseline 0.003 -18"><span class='ocrx_word' id='word_1_164' title='bbox 403 2701 486 2753; x_wconf 87' lang='lat' dir='ltr'><strong>Ex</strong></span> <span class='ocrx_word' id='word_1_165' title='bbox 525 2703 832 2770; x_wconf 75' lang='lat' dir='ltr'><strong>conjectura</strong></span> <span class='ocrx_word' id='word_1_166' title='bbox 871 2717 969 2753; x_wconf 84' lang='lat' dir='ltr'><strong>nos</strong></span> <span class='ocrx_word' id='word_1_167' title='bbox 1011 2699 1174 2770; x_wconf 87' lang='lat' dir='ltr'><strong>primi</strong></span> <span class='ocrx_word' id='word_1_168' title='bbox 1223 2703 1428 2756; x_wconf 74' lang='lat' dir='ltr'><strong>vestibus</strong></span> <span class='ocrx_word' id='word_1_169' title='bbox 1467 2747 1481 2768; x_wconf 82' lang='grc'><strong><em>,</em></strong></span> 
     </span>
    </p>
   </div>
   <div class='ocr_carea' id='block_1_9' title="bbox 395 2777 1430 3569">
    <p class='ocr_par' dir='ltr' id='par_1_10' title="bbox 395 2777 1430 3569">
     <span class='ocr_line' id='line_1_27' title="bbox 405 2777 1430 2851; baseline 0.003 -19"><span class='ocrx_word' id='word_1_170' title='bbox 405 2781 590 2851; x_wconf 73' lang='lat' dir='ltr'><strong>injectis</strong></span> <span class='ocrx_word' id='word_1_171' title='bbox 613 2777 894 2833; x_wconf 77' lang='lat' dir='ltr'><strong>edidimus.</strong></span> <span class='ocrx_word' id='word_1_172' title='bbox 917 2780 980 2831; x_wconf 88' lang='lat' dir='ltr'><strong>In</strong></span> <span class='ocrx_word' id='word_1_173' title='bbox 1013 2779 1161 2832; x_wconf 88' lang='lat' dir='ltr'><strong>libris</strong></span> <span class='ocrx_word' id='word_1_174' title='bbox 1183 2778 1252 2833; x_wconf 74' lang='lat' dir='ltr'><strong>ad</strong></span> <span class='ocrx_word' id='word_1_175' title='bbox 1283 2781 1430 2835; x_wconf 86' lang='lat' dir='ltr'><strong>hunc</strong></span> 
     </span>
     <span class='ocr_line' id='line_1_28' title="bbox 401 2858 1426 2932; baseline 0.001 -19"><span class='ocrx_word' id='word_1_176' title='bbox 401 2858 548 2913; x_wconf 87' lang='lat' dir='ltr'><strong>diem</strong></span> <span class='ocrx_word' id='word_1_177' title='bbox 567 2859 792 2930; x_wconf 74' lang='lat' dir='ltr'><strong>vulgatis</strong></span> <span class='ocrx_word' id='word_1_178' title='bbox 814 2877 829 2911; x_wconf 78' lang='grc' dir='ltr'><strong><em>ε</em></strong></span> <span class='ocrx_word' id='word_1_179' title='bbox 863 2884 886 2906; x_wconf 81' lang='grc' dir='ltr'><strong>ι</strong></span> <span class='ocrx_word' id='word_1_180' title='bbox 914 2858 986 2912; x_wconf 81' lang='lat' dir='ltr'><strong>ita</strong></span> <span class='ocrx_word' id='word_1_181' title='bbox 1013 2859 1158 2913; x_wconf 78' lang='lat' dir='ltr'><strong>vitiis</strong></span> <span class='ocrx_word' id='word_1_182' title='bbox 1181 2859 1426 2932; x_wconf 77' lang='lat' dir='ltr'><strong>abjectis,</strong></span> 
     </span>
     <span class='ocr_line' id='line_1_29' title="bbox 402 2937 1427 3012; baseline -0.001 -19"><span class='ocrx_word' id='word_1_183' title='bbox 402 2951 466 2993; x_wconf 88' lang='lat' dir='ltr'><strong>ut</strong></span> <span class='ocrx_word' id='word_1_184' title='bbox 521 2939 696 3012; x_wconf 85' lang='lat' dir='ltr'><strong>ipsum</strong></span> <span class='ocrx_word' id='word_1_185' title='bbox 745 2939 812 2991; x_wconf 80' lang='lat' dir='ltr'><strong>ab</strong></span> <span class='ocrx_word' id='word_1_186' title='bbox 871 2957 1000 2992; x_wconf 76' lang='lat' dir='ltr'><strong>auro</strong></span> <span class='ocrx_word' id='word_1_187' title='bbox 1049 2937 1306 2994; x_wconf 82' lang='lat' dir='ltr'><strong>discedat.</strong></span> <span class='ocrx_word' id='word_1_188' title='bbox 1361 2943 1427 2992; x_wconf 89' lang='lat' dir='ltr'><strong>In</strong></span> 
     </span>
     <span class='ocr_line' id='line_1_30' title="bbox 401 3019 1426 3090; baseline 0.002 -20"><span class='ocrx_word' id='word_1_189' title='bbox 401 3019 569 3090; x_wconf 86' lang='lat' dir='ltr'><strong>pelles</strong></span> <span class='ocrx_word' id='word_1_190' title='bbox 606 3021 875 3084; x_wconf 76' lang='lat' dir='ltr'><strong>subactas,</strong></span> <span class='ocrx_word' id='word_1_191' title='bbox 924 3031 1024 3072; x_wconf 89' lang='lat' dir='ltr'><strong>etc.</strong></span> <span class='ocrx_word' id='word_1_192' title='bbox 1049 3044 1073 3067; x_wconf 72' lang='grc' dir='ltr'><strong>ι</strong></span> <span class='ocrx_word' id='word_1_193' title='bbox 1106 3038 1217 3072; x_wconf 88' lang='lat' dir='ltr'><strong>non</strong></span> <span class='ocrx_word' id='word_1_194' title='bbox 1263 3020 1426 3072; x_wconf 87' lang='lat' dir='ltr'><strong>unico</strong></span> 
     </span>
     <span class='ocr_line' id='line_1_31' title="bbox 401 3097 1426 3170; baseline 0 -18"><span class='ocrx_word' id='word_1_195' title='bbox 401 3111 496 3152; x_wconf 72' lang='lat' dir='ltr'><strong>tut</strong></span> <span class='ocrx_word' id='word_1_196' title='bbox 530 3097 1011 3169; x_wconf 80' lang='lat' dir='ltr'><strong>interpunctionis,</strong></span> <span class='ocrx_word' id='word_1_197' title='bbox 1053 3111 1143 3152; x_wconf 79' lang='lat' dir='ltr'><strong>unt</strong></span> <span class='ocrx_word' id='word_1_198' title='bbox 1184 3098 1426 3170; x_wconf 85' lang='lat' dir='ltr'><strong>interpo-</strong></span> 
     </span>
     <span class='ocr_line' id='line_1_32' title="bbox 399 3177 1425 3245; baseline -0.001 -14"><span class='ocrx_word' id='word_1_199' title='bbox 399 3177 615 3231; x_wconf 74' lang='lat' dir='ltr'><strong>lationis</strong></span> <span class='ocrx_word' id='word_1_200' title='bbox 687 3177 844 3232; x_wconf 79' lang='lat' dir='ltr'><strong>vitio.</strong></span> <span class='ocrx_word' id='word_1_201' title='bbox 909 3178 974 3230; x_wconf 90' lang='lat' dir='ltr'><strong>In</strong></span> <span class='ocrx_word' id='word_1_202' title='bbox 1047 3179 1284 3232; x_wconf 83' lang='lat' dir='ltr'><strong>Colbert.</strong></span> <span class='ocrx_word' id='word_1_203' title='bbox 1351 3177 1382 3230; x_wconf 85' lang='lat'>3</span> <span class='ocrx_word' id='word_1_204' title='bbox 1408 3217 1425 3245; x_wconf 92' lang='lat'><strong>,</strong></span> 
     </span>
     <span class='ocr_line' id='line_1_33' title="bbox 405 3257 1425 3330; baseline 0.004 -23"><span class='ocrx_word' id='word_1_205' title='bbox 405 3284 430 3307; x_wconf 70' lang='lat' dir='ltr'><strong>u</strong></span> <span class='ocrx_word' id='word_1_206' title='bbox 451 3257 704 3310; x_wconf 81' lang='lat' dir='ltr'><strong>fictilibus</strong></span> <span class='ocrx_word' id='word_1_207' title='bbox 731 3257 786 3309; x_wconf 89' lang='lat' dir='ltr'><strong>in</strong></span> <span class='ocrx_word' id='word_1_208' title='bbox 803 3257 963 3322; x_wconf 78' lang='lat' dir='ltr'><strong>vasis,</strong></span> <span class='ocrx_word' id='word_1_209' title='bbox 987 3257 1057 3310; x_wconf 77' lang='lat' dir='ltr'><strong>ita</strong></span> <span class='ocrx_word' id='word_1_210' title='bbox 1077 3258 1299 3330; x_wconf 78' lang='lat' dir='ltr'><strong>injectis·</strong></span> <span class='ocrx_word' id='word_1_211' title='bbox 1317 3257 1425 3311; x_wconf 85' lang='lat' dir='ltr'><strong>Sed</strong></span> 
     </span>
     <span class='ocr_line' id='line_1_34' title="bbox 401 3337 1424 3409; baseline -0.001 -19"><span class='ocrx_word' id='word_1_212' title='bbox 401 3349 462 3392; x_wconf 87' lang='lat' dir='ltr'><strong>ut</strong></span> <span class='ocrx_word' id='word_1_213' title='bbox 485 3337 695 3408; x_wconf 84' lang='lat' dir='ltr'><strong>ipsum,</strong></span> <span class='ocrx_word' id='word_1_214' title='bbox 722 3348 820 3390; x_wconf 85' lang='lat' dir='ltr'><strong>ete.</strong></span> <span class='ocrx_word' id='word_1_215' title='bbox 857 3362 879 3386; x_wconf 70' lang='grc' dir='ltr'><strong>ι</strong></span> <span class='ocrx_word' id='word_1_216' title='bbox 919 3339 1048 3409; x_wconf 77' lang='lat' dir='ltr'><strong>Reg.</strong></span> <span class='ocrx_word' id='word_1_217' title='bbox 1085 3359 1136 3404; x_wconf 63' lang='grc' dir='ltr'><strong>π,</strong></span> <span class='ocrx_word' id='word_1_218' title='bbox 1173 3363 1195 3386; x_wconf 73' lang='grc' dir='ltr'><strong>ι</strong></span> <span class='ocrx_word' id='word_1_219' title='bbox 1217 3337 1424 3391; x_wconf 86' lang='lat' dir='ltr'><strong>Fictili-</strong></span> 
     </span>
     <span class='ocr_line' id='line_1_35' title="bbox 395 3415 1425 3488; baseline -0.001 -17"><span class='ocrx_word' id='word_1_220' title='bbox 395 3417 500 3471; x_wconf 80' lang='lat' dir='ltr'><strong>bus</strong></span> <span class='ocrx_word' id='word_1_221' title='bbox 538 3417 596 3470; x_wconf 90' lang='lat' dir='ltr'><strong>in</strong></span> <span class='ocrx_word' id='word_1_222' title='bbox 629 3418 765 3470; x_wconf 75' lang='lat' dir='ltr'><strong>vasis</strong></span> <span class='ocrx_word' id='word_1_223' title='bbox 790 3416 944 3470; x_wconf 78' lang='lat' dir='ltr'><strong>avitis</strong></span> <span class='ocrx_word' id='word_1_224' title='bbox 973 3417 1197 3488; x_wconf 78' lang='lat' dir='ltr'><strong>injectis.</strong></span> <span class='ocrx_word' id='word_1_225' title='bbox 1225 3415 1328 3470; x_wconf 88' lang='lat' dir='ltr'><strong>Sed</strong></span> <span class='ocrx_word' id='word_1_226' title='bbox 1365 3431 1425 3470; x_wconf 90' lang='lat' dir='ltr'><strong>ut</strong></span> 
     </span>
     <span class='ocr_line' id='line_1_36' title="bbox 398 3495 1425 3569; baseline -0.002 -19"><span class='ocrx_word' id='word_1_227' title='bbox 398 3497 643 3569; x_wconf 77' lang='lat' dir='ltr'><strong>ipsum.»</strong></span> <span class='ocrx_word' id='word_1_228' title='bbox 619 3496 761 3550; x_wconf 78' lang='lat' dir='ltr'><strong>»sic</strong></span> <span class='ocrx_word' id='word_1_229' title='bbox 793 3509 846 3548; x_wconf 90' lang='lat' dir='ltr'><strong>et</strong></span> <span class='ocrx_word' id='word_1_230' title='bbox 878 3495 1110 3549; x_wconf 79' lang='lat' dir='ltr'><strong>Pintiani</strong></span> <span class='ocrx_word' id='word_1_231' title='bbox 1134 3495 1322 3549; x_wconf 84' lang='lat' dir='ltr'><strong>codex.</strong></span> <span class='ocrx_word' id='word_1_232' title='bbox 1347 3497 1425 3549; x_wconf 87' lang='lat' dir='ltr'><strong>Ut</strong></span> 
     </span>
    </p>
   </div>
   <div class='ocr_carea' id='block_1_10' title="bbox 311 3575 1420 3648">
    <p class='ocr_par' dir='ltr' id='par_1_11' title="bbox 311 3575 1420 3648">
     <span class='ocr_line' id='line_1_37' title="bbox 311 3575 1420 3648; baseline -0.002 -18"><span class='ocrx_word' id='word_1_233' title='bbox 311 3587 318 3594; x_wconf 86' lang='lat'>&#39;</span> <span class='ocrx_word' id='word_1_234' title='bbox 395 3578 609 3630; x_wconf 73' lang='lat' dir='ltr'><strong>vestibus</strong></span> <span class='ocrx_word' id='word_1_235' title='bbox 633 3577 815 3648; x_wconf 74' lang='lat' dir='ltr'><strong>injectis</strong></span> <span class='ocrx_word' id='word_1_236' title='bbox 834 3576 1216 3640; x_wconf 74' lang='lat' dir='ltr'><strong>scriberemus,</strong></span> <span class='ocrx_word' id='word_1_237' title='bbox 1227 3575 1420 3629; x_wconf 84' lang='lat' dir='ltr'><strong>Vitru-</strong></span> 
     </span>
    </p>
   </div>
   <div class='ocr_carea' id='block_1_11' title="bbox 391 3649 1420 3968">
    <p class='ocr_par' dir='ltr' id='par_1_12' title="bbox 391 3649 1420 3968">
     <span class='ocr_line' id='line_1_38' title="bbox 395 3649 1420 3728; baseline -0.004 -17"><span class='ocrx_word' id='word_1_238' title='bbox 395 3657 516 3711; x_wconf 84' lang='lat' dir='ltr'><strong>vius</strong></span> <span class='ocrx_word' id='word_1_239' title='bbox 551 3649 841 3728; x_wconf 74' lang='lat' dir='ltr'><strong>persuasit,</strong></span> <span class='ocrx_word' id='word_1_240' title='bbox 869 3655 960 3726; x_wconf 89' lang='lat' dir='ltr'><strong>qui</strong></span> <span class='ocrx_word' id='word_1_241' title='bbox 997 3673 1112 3707; x_wconf 89' lang='lat' dir='ltr'><strong>rem</strong></span> <span class='ocrx_word' id='word_1_242' title='bbox 1139 3653 1420 3723; x_wconf 80' lang='lat' dir='ltr'><strong>eamdem,</strong></span> 
     </span>
     <span class='ocr_line' id='line_1_39' title="bbox 393 3732 1418 3807; baseline -0.004 -17"><span class='ocrx_word' id='word_1_243' title='bbox 393 3738 453 3790; x_wconf 83' lang='lat' dir='ltr'><strong>ni</strong></span> <span class='ocrx_word' id='word_1_244' title='bbox 474 3738 729 3801; x_wconf 69' lang='lat' dir='ltr'><strong>fallimur,</strong></span> <span class='ocrx_word' id='word_1_245' title='bbox 759 3735 1005 3807; x_wconf 69' lang='lat' dir='ltr'><strong>explanat</strong></span> <span class='ocrx_word' id='word_1_246' title='bbox 1036 3732 1270 3788; x_wconf 77' lang='lat' dir='ltr'><strong>dilucide</strong></span> <span class='ocrx_word' id='word_1_247' title='bbox 1305 3751 1418 3787; x_wconf 74' lang='lat' dir='ltr'><strong>mu-</strong></span> 
     </span>
     <span class='ocr_line' id='line_1_40' title="bbox 391 3815 1414 3888; baseline -0.004 -18"><span class='ocrx_word' id='word_1_248' title='bbox 391 3817 501 3888; x_wconf 78' lang='lat' dir='ltr'><strong>gis‚</strong></span> <span class='ocrx_word' id='word_1_249' title='bbox 527 3817 670 3882; x_wconf 86' lang='lat' dir='ltr'><strong>VII,</strong></span> <span class='ocrx_word' id='word_1_250' title='bbox 701 3817 756 3882; x_wconf 88' lang='lat'><strong>8,</strong></span> <span class='ocrx_word' id='word_1_251' title='bbox 789 3821 939 3878; x_wconf 73' lang='lat'><strong>141·</strong></span> <span class='ocrx_word' id='word_1_252' title='bbox 928 3855 939 3867; x_wconf 92' lang='lat'><strong>.</strong></span> <span class='ocrx_word' id='word_1_253' title='bbox 983 3815 1322 3885; x_wconf 77' lang='lat' dir='ltr'><strong>«Quumque</strong></span> <span class='ocrx_word' id='word_1_254' title='bbox 1357 3815 1414 3867; x_wconf 88' lang='lat' dir='ltr'><strong>in</strong></span> 
     </span>
     <span class='ocr_line' id='line_1_41' title="bbox 391 3894 1413 3968; baseline -0.003 -19"><span class='ocrx_word' id='word_1_255' title='bbox 391 3909 564 3961; x_wconf 76' lang='lat' dir='ltr'><strong>veste,</strong></span> <span class='ocrx_word' id='word_1_256' title='bbox 605 3897 813 3968; x_wconf 87' lang='lat' dir='ltr'><strong>inquit,</strong></span> <span class='ocrx_word' id='word_1_257' title='bbox 870 3894 1132 3949; x_wconf 84' lang='lat' dir='ltr'><strong>intextum</strong></span> <span class='ocrx_word' id='word_1_258' title='bbox 1192 3907 1270 3947; x_wconf 82' lang='lat' dir='ltr'><strong>est</strong></span> <span class='ocrx_word' id='word_1_259' title='bbox 1317 3911 1413 3946; x_wconf 74' lang='lat' dir='ltr'><strong>au·</strong></span> 
     </span>
    </p>
   </div>
   <div class='ocr_carea' id='block_1_12' title="bbox 388 3973 1409 4048">
    <p class='ocr_par' dir='ltr' id='par_1_13' title="bbox 388 3973 1409 4048">
     <span class='ocr_line' id='line_1_42' title="bbox 388 3973 1409 4048; baseline -0.006 -16"><span class='ocrx_word' id='word_1_260' title='bbox 388 3995 545 4044; x_wconf 85' lang='lat' dir='ltr'><strong>rum,</strong></span> <span class='ocrx_word' id='word_1_261' title='bbox 587 3992 754 4048; x_wconf 77' lang='lat' dir='ltr'><strong>enque</strong></span> <span class='ocrx_word' id='word_1_262' title='bbox 788 3975 946 4030; x_wconf 79' lang='lat' dir='ltr'><strong>vestis</strong></span> <span class='ocrx_word' id='word_1_263' title='bbox 983 3973 1243 4042; x_wconf 69' lang='lat' dir='ltr'><strong>contrita,</strong></span> <span class='ocrx_word' id='word_1_264' title='bbox 1281 3991 1409 4045; x_wconf 90' lang='lat' dir='ltr'><strong>pro-</strong></span> 
     </span>
    </p>
   </div>
   <div class='ocr_carea' id='block_1_13' title="bbox 1502 1667 2547 3950">
    <p class='ocr_par' dir='ltr' id='par_1_14' title="bbox 1509 1667 2547 3233">
     <span class='ocr_line' id='line_1_43' title="bbox 1528 1667 2547 1739; baseline 0.002 -19"><span class='ocrx_word' id='word_1_265' title='bbox 1528 1669 1812 1722; x_wconf 83' lang='lat' dir='ltr'><strong>honestum</strong></span> <span class='ocrx_word' id='word_1_266' title='bbox 1837 1687 1852 1722; x_wconf 86' lang='lat'><strong>:</strong></span> <span class='ocrx_word' id='word_1_267' title='bbox 1882 1667 2048 1739; x_wconf 71' lang='lat' dir='ltr'><strong>panni</strong></span> <span class='ocrx_word' id='word_1_268' title='bbox 2072 1667 2128 1720; x_wconf 89' lang='lat' dir='ltr'><strong>in</strong></span> <span class='ocrx_word' id='word_1_269' title='bbox 2150 1667 2397 1722; x_wconf 74' lang='lat' dir='ltr'><strong>fictilibus</strong></span> <span class='ocrx_word' id='word_1_270' title='bbox 2412 1669 2547 1722; x_wconf 79' lang='lat' dir='ltr'><strong>vasis</strong></span> 
     </span>
     <span class='ocr_line' id='line_1_44' title="bbox 1523 1747 2544 1820; baseline 0.003 -21"><span class='ocrx_word' id='word_1_271' title='bbox 1523 1747 1762 1818; x_wconf 85' lang='lat' dir='ltr'><strong>impositi</strong></span> <span class='ocrx_word' id='word_1_272' title='bbox 1804 1764 1964 1820; x_wconf 74' lang='lat' dir='ltr'><strong>supra</strong></span> <span class='ocrx_word' id='word_1_273' title='bbox 2004 1748 2182 1818; x_wconf 81' lang='lat' dir='ltr'><strong>iguem</strong></span> <span class='ocrx_word' id='word_1_274' title='bbox 2220 1747 2544 1802; x_wconf 86' lang='lat' dir='ltr'><strong>comburun-</strong></span> 
     </span>
     <span class='ocr_line' id='line_1_45' title="bbox 1524 1825 2537 1898; baseline 0.001 -20"><span class='ocrx_word' id='word_1_275' title='bbox 1524 1836 1629 1879; x_wconf 89' lang='lat' dir='ltr'><strong>tur.</strong></span> <span class='ocrx_word' id='word_1_276' title='bbox 1668 1828 1721 1879; x_wconf 88' lang='lat' dir='ltr'><strong>Is</strong></span> <span class='ocrx_word' id='word_1_277' title='bbox 1748 1827 1883 1880; x_wconf 75' lang='lat' dir='ltr'><strong>einis</strong></span> <span class='ocrx_word' id='word_1_278' title='bbox 1912 1825 2197 1897; x_wconf 86' lang='lat' dir='ltr'><strong>conjicitur</strong></span> <span class='ocrx_word' id='word_1_279' title='bbox 2227 1828 2274 1882; x_wconf 76' lang='lat' dir='ltr'><strong>in</strong></span> <span class='ocrx_word' id='word_1_280' title='bbox 2304 1843 2499 1898; x_wconf 76' lang='lat' dir='ltr'><strong>aquam</strong></span> <span class='ocrx_word' id='word_1_281' title='bbox 2520 1867 2537 1894; x_wconf 86' lang='lat'><strong>,</strong></span> 
     </span>
     <span class='ocr_line' id='line_1_46' title="bbox 1522 1903 2540 1976; baseline 0.001 -19"><span class='ocrx_word' id='word_1_282' title='bbox 1522 1903 1739 1958; x_wconf 73' lang='lat' dir='ltr'><strong>additur</strong></span> <span class='ocrx_word' id='word_1_283' title='bbox 1794 1905 1843 1959; x_wconf 87' lang='lat' dir='ltr'><strong>ei</strong></span> <span class='ocrx_word' id='word_1_284' title='bbox 1880 1918 2158 1976; x_wconf 75' lang='lat' dir='ltr'><strong>argentum</strong></span> <span class='ocrx_word' id='word_1_285' title='bbox 2206 1905 2384 1958; x_wconf 70' lang='lat' dir='ltr'><strong>vivum</strong></span> <span class='ocrx_word' id='word_1_286' title='bbox 2418 1923 2433 1958; x_wconf 75' lang='grc' dir='ltr'><strong><em>ε</em></strong></span> <span class='ocrx_word' id='word_1_287' title='bbox 2480 1905 2540 1958; x_wconf 87' lang='lat' dir='ltr'><strong>id</strong></span> 
     </span>
     <span class='ocr_line' id='line_1_47' title="bbox 1520 1983 2540 2056; baseline 0.001 -19"><span class='ocrx_word' id='word_1_288' title='bbox 1520 1997 1697 2038; x_wconf 82' lang='lat' dir='ltr'><strong>autem</strong></span> <span class='ocrx_word' id='word_1_289' title='bbox 1742 2003 1924 2038; x_wconf 88' lang='lat' dir='ltr'><strong>omnes</strong></span> <span class='ocrx_word' id='word_1_290' title='bbox 1956 1985 2119 2037; x_wconf 80' lang='lat' dir='ltr'><strong>micas</strong></span> <span class='ocrx_word' id='word_1_291' title='bbox 2156 1983 2267 2038; x_wconf 76' lang='lat' dir='ltr'><strong>auri</strong></span> <span class='ocrx_word' id='word_1_292' title='bbox 2314 1985 2540 2056; x_wconf 85' lang='lat' dir='ltr'><strong>corripit</strong></span> 
     </span>
     <span class='ocr_line' id='line_1_48' title="bbox 1521 2063 2539 2136; baseline 0.001 -20"><span class='ocrx_word' id='word_1_293' title='bbox 1521 2063 1576 2116; x_wconf 88' lang='lat' dir='ltr'><strong>in</strong></span> <span class='ocrx_word' id='word_1_294' title='bbox 1604 2083 1691 2129; x_wconf 86' lang='lat' dir='ltr'><strong>se,</strong></span> <span class='ocrx_word' id='word_1_295' title='bbox 1718 2077 1775 2118; x_wconf 89' lang='lat' dir='ltr'><strong>et</strong></span> <span class='ocrx_word' id='word_1_296' title='bbox 1804 2063 1948 2135; x_wconf 76' lang='lat' dir='ltr'><strong>cogit</strong></span> <span class='ocrx_word' id='word_1_297' title='bbox 1982 2081 2159 2116; x_wconf 82' lang='lat' dir='ltr'><strong>secum</strong></span> <span class='ocrx_word' id='word_1_298' title='bbox 2182 2063 2331 2116; x_wconf 88' lang='lat' dir='ltr'><strong>coire</strong></span> <span class='ocrx_word' id='word_1_299' title='bbox 2361 2083 2375 2115; x_wconf 74' lang='grc' dir='ltr'><em>ε</em></span> <span class='ocrx_word' id='word_1_300' title='bbox 2401 2082 2539 2136; x_wconf 73' lang='lat' dir='ltr'><strong>aqua</strong></span> 
     </span>
     <span class='ocr_line' id='line_1_49' title="bbox 1519 2140 2541 2216; baseline 0 -20"><span class='ocrx_word' id='word_1_301' title='bbox 1519 2141 1703 2198; x_wconf 69' lang='lat' dir='ltr'><strong>defusa</strong></span> <span class='ocrx_word' id='word_1_302' title='bbox 1724 2182 1741 2209; x_wconf 87' lang='lat'><strong>‚</strong></span> <span class='ocrx_word' id='word_1_303' title='bbox 1770 2162 1933 2215; x_wconf 88' lang='lat' dir='ltr'><strong>quum</strong></span> <span class='ocrx_word' id='word_1_304' title='bbox 1956 2140 2011 2195; x_wconf 88' lang='lat' dir='ltr'><strong>id</strong></span> <span class='ocrx_word' id='word_1_305' title='bbox 2037 2144 2093 2196; x_wconf 89' lang='lat' dir='ltr'><strong>in</strong></span> <span class='ocrx_word' id='word_1_306' title='bbox 2114 2160 2338 2216; x_wconf 75' lang='lat' dir='ltr'><strong>pannum</strong></span> <span class='ocrx_word' id='word_1_307' title='bbox 2363 2142 2541 2196; x_wconf 81' lang='lat' dir='ltr'><strong>iufun-</strong></span> 
     </span>
     <span class='ocr_line' id='line_1_50' title="bbox 1520 2221 2541 2294; baseline 0.001 -18"><span class='ocrx_word' id='word_1_308' title='bbox 1520 2221 1686 2287; x_wconf 87' lang='lat' dir='ltr'><strong>ditur,</strong></span> <span class='ocrx_word' id='word_1_309' title='bbox 1706 2235 1759 2276; x_wconf 90' lang='lat' dir='ltr'><strong>et</strong></span> <span class='ocrx_word' id='word_1_310' title='bbox 1788 2223 1864 2276; x_wconf 84' lang='lat' dir='ltr'><strong>ibi</strong></span> <span class='ocrx_word' id='word_1_311' title='bbox 1892 2223 2137 2277; x_wconf 83' lang='lat' dir='ltr'><strong>manibus</strong></span> <span class='ocrx_word' id='word_1_312' title='bbox 2156 2223 2441 2294; x_wconf 88' lang='lat' dir='ltr'><strong>premitur,</strong></span> <span class='ocrx_word' id='word_1_313' title='bbox 2458 2243 2541 2277; x_wconf 76' lang='lat' dir='ltr'><strong>nr·</strong></span> 
     </span>
     <span class='ocr_line' id='line_1_51' title="bbox 1516 2303 2539 2374; baseline 0.001 -19"><span class='ocrx_word' id='word_1_314' title='bbox 1516 2315 1732 2374; x_wconf 76' lang='lat' dir='ltr'><strong>gentum</strong></span> <span class='ocrx_word' id='word_1_315' title='bbox 1760 2321 1857 2374; x_wconf 86' lang='lat' dir='ltr'><strong>per</strong></span> <span class='ocrx_word' id='word_1_316' title='bbox 1878 2303 2041 2374; x_wconf 75' lang='lat' dir='ltr'><strong>panni</strong></span> <span class='ocrx_word' id='word_1_317' title='bbox 2064 2303 2297 2356; x_wconf 76' lang='lat' dir='ltr'><strong>raritates</strong></span> <span class='ocrx_word' id='word_1_318' title='bbox 2318 2316 2539 2374; x_wconf 86' lang='lat' dir='ltr'><strong>propter</strong></span> 
     </span>
     <span class='ocr_line' id='line_1_52' title="bbox 1516 2382 2538 2454; baseline 0.002 -20"><span class='ocrx_word' id='word_1_319' title='bbox 1516 2383 1782 2454; x_wconf 81' lang='lat' dir='ltr'><strong>liquorem</strong></span> <span class='ocrx_word' id='word_1_320' title='bbox 1797 2394 1944 2437; x_wconf 79' lang='lat' dir='ltr'><strong>extra</strong></span> <span class='ocrx_word' id='word_1_321' title='bbox 1962 2382 2172 2448; x_wconf 76' lang='lat' dir='ltr'><strong>labitur,</strong></span> <span class='ocrx_word' id='word_1_322' title='bbox 2188 2400 2375 2435; x_wconf 71' lang='lat' dir='ltr'><strong>surum</strong></span> <span class='ocrx_word' id='word_1_323' title='bbox 2390 2401 2538 2436; x_wconf 89' lang='lat' dir='ltr'><strong>com-</strong></span> 
     </span>
     <span class='ocr_line' id='line_1_53' title="bbox 1518 2461 2539 2534; baseline -0.001 -19"><span class='ocrx_word' id='word_1_324' title='bbox 1518 2463 1795 2534; x_wconf 80' lang='lat' dir='ltr'><strong>pressione</strong></span> <span class='ocrx_word' id='word_1_325' title='bbox 1819 2476 2066 2515; x_wconf 75' lang='lat' dir='ltr'><strong>coactum</strong></span> <span class='ocrx_word' id='word_1_326' title='bbox 2088 2462 2220 2514; x_wconf 78' lang='lat' dir='ltr'><strong>intra</strong></span> <span class='ocrx_word' id='word_1_327' title='bbox 2237 2479 2433 2532; x_wconf 89' lang='lat' dir='ltr'><strong>purum</strong></span> <span class='ocrx_word' id='word_1_328' title='bbox 2458 2461 2539 2514; x_wconf 87' lang='lat' dir='ltr'><strong>in-</strong></span> 
     </span>
     <span class='ocr_line' id='line_1_54' title="bbox 1514 2541 2537 2612; baseline 0 -18"><span class='ocrx_word' id='word_1_329' title='bbox 1514 2541 1775 2598; x_wconf 74' lang='lat' dir='ltr'><strong>venitur.»</strong></span> <span class='ocrx_word' id='word_1_330' title='bbox 1795 2541 2011 2595; x_wconf 85' lang='lat' dir='ltr'><em>H.—V</em></span> <span class='ocrx_word' id='word_1_331' title='bbox 2000 2541 2171 2596; x_wconf 75' lang='lat' dir='ltr'><strong>estibus</strong></span> <span class='ocrx_word' id='word_1_332' title='bbox 2192 2543 2388 2612; x_wconf 71' lang='lat' dir='ltr'><strong>injectis.</strong></span> <span class='ocrx_word' id='word_1_333' title='bbox 2406 2542 2537 2594; x_wconf 78' lang='lat' dir='ltr'><strong>Har-</strong></span> 
     </span>
     <span class='ocr_line' id='line_1_55' title="bbox 1512 2619 2537 2692; baseline -0.001 -18"><span class='ocrx_word' id='word_1_334' title='bbox 1512 2620 1665 2674; x_wconf 87' lang='lat' dir='ltr'><strong>duini</strong></span> <span class='ocrx_word' id='word_1_335' title='bbox 1686 2621 2107 2675; x_wconf 78' lang='lat' dir='ltr'><strong>emendationem</strong></span> <span class='ocrx_word' id='word_1_336' title='bbox 2126 2621 2283 2692; x_wconf 78' lang='lat' dir='ltr'><strong>paulo</strong></span> <span class='ocrx_word' id='word_1_337' title='bbox 2295 2619 2537 2674; x_wconf 77' lang='lat' dir='ltr'><strong>audacio-</strong></span> 
     </span>
     <span class='ocr_line' id='line_1_56' title="bbox 1514 2701 2531 2773; baseline 0 -19"><span class='ocrx_word' id='word_1_338' title='bbox 1514 2719 1631 2754; x_wconf 85' lang='lat' dir='ltr'><strong>rem</strong></span> <span class='ocrx_word' id='word_1_339' title='bbox 1654 2703 1816 2755; x_wconf 76' lang='lat' dir='ltr'><strong>hahet</strong></span> <span class='ocrx_word' id='word_1_340' title='bbox 1835 2701 2233 2773; x_wconf 77' lang='lat' dir='ltr'><strong>Broterius,qu&#39;</strong></span> <span class='ocrx_word' id='word_1_341' title='bbox 2258 2714 2384 2772; x_wconf 83' lang='lat' dir='ltr'><strong>post</strong></span> <span class='ocrx_word' id='word_1_342' title='bbox 2404 2701 2531 2754; x_wconf 88' lang='lat' dir='ltr'><strong>Pin-</strong></span> 
     </span>
     <span class='ocr_line' id='line_1_57' title="bbox 1512 2780 2535 2854; baseline -0.001 -20"><span class='ocrx_word' id='word_1_343' title='bbox 1512 2780 1719 2834; x_wconf 85' lang='lat' dir='ltr'><strong>tianum</strong></span> <span class='ocrx_word' id='word_1_344' title='bbox 1764 2782 2031 2854; x_wconf 83' lang='lat' dir='ltr'><strong>rescripsit</strong></span> <span class='ocrx_word' id='word_1_345' title='bbox 2046 2819 2060 2842; x_wconf 86' lang='lat'>‚</span> <span class='ocrx_word' id='word_1_346' title='bbox 2119 2781 2259 2832; x_wconf 73' lang='lat' dir='ltr'><strong>alueis</strong></span> <span class='ocrx_word' id='word_1_347' title='bbox 2312 2782 2497 2850; x_wconf 72' lang='lat' dir='ltr'><strong>injectis</strong></span> <span class='ocrx_word' id='word_1_348' title='bbox 2512 2801 2535 2845; x_wconf 81' lang='lat'><strong>,-</strong></span> 
     </span>
     <span class='ocr_line' id='line_1_58' title="bbox 1512 2858 2531 2933; baseline 0.003 -21"><span class='ocrx_word' id='word_1_349' title='bbox 1512 2861 1600 2912; x_wconf 85' lang='lat' dir='ltr'><strong>cui</strong></span> <span class='ocrx_word' id='word_1_350' title='bbox 1623 2859 1980 2916; x_wconf 76' lang='lat' dir='ltr'><strong>emendationi</strong></span> <span class='ocrx_word' id='word_1_351' title='bbox 1998 2862 2173 2914; x_wconf 79' lang='lat' dir='ltr'><strong>favere</strong></span> <span class='ocrx_word' id='word_1_352' title='bbox 2186 2858 2531 2933; x_wconf 74' lang='lat' dir='ltr'><strong>videturReg.</strong></span> 
     </span>
     <span class='ocr_line' id='line_1_59' title="bbox 1512 2939 2532 3011; baseline 0.003 -19"><span class='ocrx_word' id='word_1_353' title='bbox 1512 2939 1628 2995; x_wconf 84' lang='lat' dir='ltr'><strong>MS.</strong></span> <span class='ocrx_word' id='word_1_354' title='bbox 1662 2939 1692 2992; x_wconf 82' lang='lat'>5</span> <span class='ocrx_word' id='word_1_355' title='bbox 1708 2979 1726 3006; x_wconf 89' lang='lat'><strong>,</strong></span> <span class='ocrx_word' id='word_1_356' title='bbox 1766 2944 1837 2993; x_wconf 78' lang='lat' dir='ltr'><strong>ita</strong></span> <span class='ocrx_word' id='word_1_357' title='bbox 1863 2944 2003 2994; x_wconf 69' lang='lat' dir='ltr'><strong>viticis</strong></span> <span class='ocrx_word' id='word_1_358' title='bbox 2024 2943 2218 3011; x_wconf 75' lang='lat' dir='ltr'><strong>injectis.</strong></span> <span class='ocrx_word' id='word_1_359' title='bbox 2248 2939 2415 2994; x_wconf 73' lang='lat' dir='ltr'><strong>Alata</strong></span> <span class='ocrx_word' id='word_1_360' title='bbox 2438 2959 2532 2994; x_wconf 76' lang='lat' dir='ltr'><strong>nu-</strong></span> 
     </span>
     <span class='ocr_line' id='line_1_60' title="bbox 1513 3018 2532 3093; baseline 0.003 -21"><span class='ocrx_word' id='word_1_361' title='bbox 1513 3031 1618 3072; x_wconf 88' lang='lat' dir='ltr'><strong>tem</strong></span> <span class='ocrx_word' id='word_1_362' title='bbox 1666 3021 1785 3086; x_wconf 82' lang='lat' dir='ltr'><strong>illa,</strong></span> <span class='ocrx_word' id='word_1_363' title='bbox 1826 3039 1919 3077; x_wconf 80' lang='lat' dir='ltr'><strong>seu</strong></span> <span class='ocrx_word' id='word_1_364' title='bbox 1967 3021 2186 3086; x_wconf 75' lang='lat' dir='ltr'><strong>talutia,</strong></span> <span class='ocrx_word' id='word_1_365' title='bbox 2222 3018 2292 3073; x_wconf 87' lang='lat' dir='ltr'><strong>de</strong></span> <span class='ocrx_word' id='word_1_366' title='bbox 2334 3021 2532 3093; x_wconf 85' lang='lat' dir='ltr'><strong>quibus</strong></span> 
     </span>
     <span class='ocr_line' id='line_1_61' title="bbox 1509 3098 2531 3173; baseline 0.002 -21"><span class='ocrx_word' id='word_1_367' title='bbox 1509 3101 1615 3170; x_wconf 82' lang='lat' dir='ltr'><strong>jam</strong></span> <span class='ocrx_word' id='word_1_368' title='bbox 1637 3119 1799 3173; x_wconf 77' lang='lat' dir='ltr'><strong>supra</strong></span> <span class='ocrx_word' id='word_1_369' title='bbox 1824 3098 2030 3153; x_wconf 89' lang='lat' dir='ltr'><strong>dietum</strong></span> <span class='ocrx_word' id='word_1_370' title='bbox 2058 3113 2136 3154; x_wconf 81' lang='lat' dir='ltr'><strong>est</strong></span> <span class='ocrx_word' id='word_1_371' title='bbox 2154 3116 2265 3171; x_wconf 64' lang='grc' dir='ltr'><strong>φρ.</strong></span> <span class='ocrx_word' id='word_1_372' title='bbox 2294 3117 2321 3152; x_wconf 76' lang='lat'>2</span> <span class='ocrx_word' id='word_1_373' title='bbox 2338 3117 2389 3165; x_wconf 84' lang='lat' dir='ltr'><strong>t,</strong></span> <span class='ocrx_word' id='word_1_374' title='bbox 2406 3113 2531 3154; x_wconf 85' lang='lat' dir='ltr'><strong>sunt</strong></span> 
     </span>
     <span class='ocr_line' id='line_1_62' title="bbox 1511 3179 1993 3233; baseline 0.002 -2"><span class='ocrx_word' id='word_1_375' title='bbox 1511 3181 1628 3233; x_wconf 75' lang='lat' dir='ltr'><strong>suri</strong></span> <span class='ocrx_word' id='word_1_376' title='bbox 1659 3179 1859 3233; x_wconf 81' lang='lat' dir='ltr'><strong>sordes.</strong></span> <span class='ocrx_word' id='word_1_377' title='bbox 1890 3181 1993 3232; x_wconf 85' lang='lat' dir='ltr'><strong>En.</strong></span> 
     </span>
    </p>

    <p class='ocr_par' dir='ltr' id='par_1_15' title="bbox 1502 3257 2529 3392">
     <span class='ocr_line' id='line_1_63' title="bbox 1592 3257 2529 3329; baseline 0.003 -19"><span class='ocrx_word' id='word_1_378' title='bbox 1592 3277 1643 3328; x_wconf 89' lang='lat'><strong>7.</strong></span> <span class='ocrx_word' id='word_1_379' title='bbox 1675 3261 1884 3312; x_wconf 72' lang='lat' dir='ltr'><strong>Retinet.</strong></span> <span class='ocrx_word' id='word_1_380' title='bbox 1924 3257 2119 3329; x_wconf 74' lang='lat' dir='ltr'><strong>Alligat</strong></span> <span class='ocrx_word' id='word_1_381' title='bbox 2154 3257 2247 3312; x_wconf 73' lang='lat' dir='ltr'><strong>neri</strong></span> <span class='ocrx_word' id='word_1_382' title='bbox 2291 3259 2529 3313; x_wconf 69' lang='lat' dir='ltr'><strong>bracteas</strong></span> 
     </span>
     <span class='ocr_line' id='line_1_64' title="bbox 1502 3338 1926 3392; baseline 0.002 -2"><span class='ocrx_word' id='word_1_383' title='bbox 1502 3355 1713 3392; x_wconf 62' lang='lat' dir='ltr'><strong>aureas.</strong></span> <span class='ocrx_word' id='word_1_384' title='bbox 1742 3338 1926 3392; x_wconf 76' lang='lat' dir='ltr'><strong>Hum.</strong></span> 
     </span>
    </p>

    <p class='ocr_par' dir='ltr' id='par_1_16' title="bbox 1504 3418 2530 3950">
     <span class='ocr_line' id='line_1_65' title="bbox 1594 3418 2530 3488; baseline 0 -17"><span class='ocrx_word' id='word_1_385' title='bbox 1594 3419 1647 3471; x_wconf 87' lang='lat'><strong>8.</strong></span> <span class='ocrx_word' id='word_1_386' title='bbox 1690 3419 2013 3488; x_wconf 77' lang='lat' dir='ltr'><strong>Quapropter.</strong></span> <span class='ocrx_word' id='word_1_387' title='bbox 2064 3418 2365 3483; x_wconf 64' lang='lat' dir='ltr'><strong>Quarentes</strong></span> <span class='ocrx_word' id='word_1_388' title='bbox 2418 3418 2530 3471; x_wconf 76' lang='lat' dir='ltr'><strong>fur-</strong></span> 
     </span>
     <span class='ocr_line' id='line_1_66' title="bbox 1507 3497 2525 3570; baseline 0.003 -23"><span class='ocrx_word' id='word_1_389' title='bbox 1507 3508 1623 3548; x_wconf 86' lang='lat' dir='ltr'><strong>tum</strong></span> <span class='ocrx_word' id='word_1_390' title='bbox 1649 3508 1854 3567; x_wconf 83' lang='lat' dir='ltr'><strong>tegere,</strong></span> <span class='ocrx_word' id='word_1_391' title='bbox 1878 3515 1937 3551; x_wconf 80' lang='lat' dir='ltr'><strong>nc</strong></span> <span class='ocrx_word' id='word_1_392' title='bbox 1964 3497 2219 3570; x_wconf 65' lang='lat' dir='ltr'><strong>simplices</strong></span> <span class='ocrx_word' id='word_1_393' title='bbox 2236 3515 2335 3568; x_wconf 89' lang='lat' dir='ltr'><strong>pro</strong></span> <span class='ocrx_word' id='word_1_394' title='bbox 2354 3499 2525 3569; x_wconf 72' lang='lat' dir='ltr'><strong>gemi-</strong></span> 
     </span>
     <span class='ocr_line' id='line_1_67' title="bbox 1506 3576 2522 3648; baseline 0.002 -20"><span class='ocrx_word' id='word_1_395' title='bbox 1506 3576 1619 3640; x_wconf 83' lang='lat' dir='ltr'><strong>nis,</strong></span> <span class='ocrx_word' id='word_1_396' title='bbox 1652 3577 1737 3630; x_wconf 80' lang='lat' dir='ltr'><strong>vel</strong></span> <span class='ocrx_word' id='word_1_397' title='bbox 1765 3578 2029 3630; x_wconf 83' lang='lat' dir='ltr'><strong>tenuiores</strong></span> <span class='ocrx_word' id='word_1_398' title='bbox 2058 3595 2150 3648; x_wconf 79' lang='lat' dir='ltr'><strong>pro</strong></span> <span class='ocrx_word' id='word_1_399' title='bbox 2176 3578 2522 3630; x_wconf 78' lang='lat' dir='ltr'><strong>crassioribus</strong></span> 
     </span>
     <span class='ocr_line' id='line_1_68' title="bbox 1506 3654 2519 3710; baseline 0.002 -2"><span class='ocrx_word' id='word_1_400' title='bbox 1506 3656 1732 3710; x_wconf 77' lang='lat' dir='ltr'><strong>bracteis</strong></span> <span class='ocrx_word' id='word_1_401' title='bbox 1786 3656 1844 3709; x_wconf 89' lang='lat' dir='ltr'><strong>in</strong></span> <span class='ocrx_word' id='word_1_402' title='bbox 1898 3675 2001 3710; x_wconf 74' lang='lat' dir='ltr'><strong>aere</strong></span> <span class='ocrx_word' id='word_1_403' title='bbox 2035 3654 2321 3710; x_wconf 69' lang='lat' dir='ltr'><strong>inaurando</strong></span> <span class='ocrx_word' id='word_1_404' title='bbox 2362 3655 2519 3710; x_wconf 76' lang='lat' dir='ltr'><strong>adhi-</strong></span> 
     </span>
     <span class='ocr_line' id='line_1_69' title="bbox 1504 3734 2521 3809; baseline 0.003 -22"><span class='ocrx_word' id='word_1_405' title='bbox 1504 3735 1721 3801; x_wconf 84' lang='lat' dir='ltr'><strong>bentes,</strong></span> <span class='ocrx_word' id='word_1_406' title='bbox 1748 3755 1850 3808; x_wconf 88' lang='lat' dir='ltr'><strong>pro</strong></span> <span class='ocrx_word' id='word_1_407' title='bbox 1879 3749 2087 3809; x_wconf 76' lang='lat' dir='ltr'><strong>urgento</strong></span> <span class='ocrx_word' id='word_1_408' title='bbox 2116 3737 2238 3788; x_wconf 80' lang='lat' dir='ltr'><strong>vivo</strong></span> <span class='ocrx_word' id='word_1_409' title='bbox 2260 3734 2443 3788; x_wconf 73' lang='lat' dir='ltr'><strong>nativo</strong></span> <span class='ocrx_word' id='word_1_410' title='bbox 2456 3753 2521 3790; x_wconf 75' lang='lat' dir='ltr'><strong>ec</strong></span> 
     </span>
     <span class='ocr_line' id='line_1_70' title="bbox 1506 3814 2523 3889; baseline 0 -21"><span class='ocrx_word' id='word_1_411' title='bbox 1506 3814 1698 3880; x_wconf 72' lang='lat' dir='ltr'><strong>fossili,</strong></span> <span class='ocrx_word' id='word_1_412' title='bbox 1722 3815 2103 3889; x_wconf 71' lang='lat' dir='ltr'><strong>hydrargyrum</strong></span> <span class='ocrx_word' id='word_1_413' title='bbox 2117 3815 2414 3884; x_wconf 81' lang='lat' dir='ltr'><strong>sublinunt,</strong></span> <span class='ocrx_word' id='word_1_414' title='bbox 2429 3826 2523 3868; x_wconf 81' lang='lat' dir='ltr'><strong>aut</strong></span> 
     </span>
     <span class='ocr_line' id='line_1_71' title="bbox 1505 3893 2131 3950; baseline -0.002 -1"><span class='ocrx_word' id='word_1_415' title='bbox 1505 3893 1794 3949; x_wconf 82' lang='lat' dir='ltr'><strong>candidum</strong></span> <span class='ocrx_word' id='word_1_416' title='bbox 1818 3897 1927 3950; x_wconf 85' lang='lat' dir='ltr'><strong>ovi.</strong></span> <span class='ocrx_word' id='word_1_417' title='bbox 1959 3895 2131 3950; x_wconf 70' lang='lat' dir='ltr'><strong>Hun-</strong></span> 
     </span>
    </p>
   </div>
   <div class='ocr_carea' id='block_1_14' title="bbox 1582 3972 2423 4047">
    <p class='ocr_par' dir='ltr' id='par_1_17' title="bbox 1582 3972 2423 4047">
     <span class='ocr_line' id='line_1_72' title="bbox 1582 3972 2423 4047; baseline 0.002 -19"><span class='ocrx_word' id='word_1_418' title='bbox 1582 3994 1636 4044; x_wconf 87' lang='lat'><strong>9.</strong></span> <span class='ocrx_word' id='word_1_419' title='bbox 1662 3974 1780 4030; x_wconf 78' lang='lat' dir='ltr'><strong>Suo.</strong></span> <span class='ocrx_word' id='word_1_420' title='bbox 1803 3975 1950 4030; x_wconf 74' lang='lat' dir='ltr'><strong>Infra</strong></span> <span class='ocrx_word' id='word_1_421' title='bbox 1977 3989 2090 4047; x_wconf 72' lang='lat' dir='ltr'><strong>etp.</strong></span> <span class='ocrx_word' id='word_1_422' title='bbox 2122 3979 2213 4038; x_wconf 68' lang='lat'><strong>4¹·</strong></span> <span class='ocrx_word' id='word_1_423' title='bbox 2232 3972 2423 4030; x_wconf 66' lang='lat' dir='ltr'><strong>Hun-</strong></span> 
     </span>
    </p>
   </div>
  </div>
 </body>
</html>
