2975 4684
996 388 1306 465 LIBER
1364 364 1765 463 xxxvu.

2298 396 2439 470 605

324 532 556 607 causis.
591 528 855 601 Nullius
877 526 1116 597 coloris
1150 538 1454 619 aspectus
1469 524 1827 618 jucundior
1858 541 1973 596 est.
2004 532 2169 599 Nam
2202 532 2443 603 herbas

323 664 589 733 quoque
622 638 907 707 virentes
949 632 1344 725 frondesque
1381 630 1571 699 avide
1608 646 2025 725 spectamus.
2064 638 2445 732 smaragdos

323 770 488 814 vero
524 756 709 813 tanto
743 741 1090 823 libentius,
1121 738 1430 831 quoniam
1463 735 1627 804 nihil
1660 740 1931 807 omnino
1962 742 2231 811 viridius
2267 768 2447 813 com-

325 864 632 945 paratum
675 846 796 916 illis
839 830 1059 915 viret³.

1114 846 1434 912 Praeterea
1483 829 1649 909 soli⁶
1691 868 2097 936 gemmarum
2151 852 2449 919 contuitu
2488 885 2516 917 2

325 954 557 1025 oculos
608 952 915 1048 implent,
969 974 1093 1021 nec
1143 950 1400 1019 satiant.
1449 947 1631 1035 Quin
1680 962 1748 1016 et
1796 950 1880 1017 ab
1924 952 2285 1023 intentione
2328 955 2454 1024 alia

327 1062 717 1143 obscurata,
756 1072 1023 1152 aspectu
1077 1052 1406 1147 smaragdi
1449 1066 1787 1121 recreatur
1836 1056 2029 1134 acies.
2080 1058 2447 1154 Scalpenti·

327 1167 656 1260 busque„
617 1187 906 1233 “emmas
943 1186 1079 1230 non
1117 1158 1240 1228 alia
1279 1144 1569 1252 gratior⁵
1614 1158 1959 1228 oculorum
2001 1162 2269 1233 refectio
2305 1180 2447 1235 est:

332 1274 426 1341 ita
465 1269 656 1339 viridi
698 1268 962 1337 lenitate
1005 1263 1452 1334 lassitudinem
1497 1264 1807 1333 mulcent.
1842 1268 2086 1335 Praete1
2087 1292 2161 1336 ea
2193 1267 2454 1365 longin-

331 1402 467 1470 quo
495 1374 982 1468 amplificantur
1009 1355 1194 1439 visu⁶
1198 1423 1219 1454 ,
1275 1368 1646 1439 inficientes
1678 1372 1854 1439 circa
1896 1396 1965 1441 se
1993 1396 2469 1467 repercussum

336 1480 558 1566 aera7·
545 1531 559 1546 .
609 1503 744 1546 non
783 1476 919 1546 sole
956 1460 1222 1543 mutati⁸
1207 1527 1246 1571 ·‚
1287 1498 1423 1541 non
1461 1475 1739 1561 umbra,
1770 1500 1902 1546 non
1932 1476 2246 1566 lucernis,
2287 1506 2459 1549 sem·

337 1608 587 1679 perque
625 1583 864 1653 sensim
905 1580 1264 1666 radianteS‚
1306 1592 1374 1646 et
1411 1579 1627 1647 visum
1666 1528 2127 1673 admittenteS‚
2163 1585 2242 1653 ad
2286 1611 2462 1656 cras-

338 1808 596 1881 antiquis,
625 1808 850 1860 maxime
887 1804 1104 1867 Mario,
1128 1800 1382 1855 Honor-ii>

337 1888 674 1960 imperatoris
696 1886 890 1939 uxoris.
916 1882 1086 1937 Pedes
1111 1882 1228 1935 solii
1263 1881 1356 1932 im·

337 1968 596 2040 peratoris
624 1966 838 2019 Turcici
865 1960 885 2025 (
912 1975 968 2015 ut
989 1963 1158 2015 fertur
1181 1952 1200 2028 )
1223 1977 1358 2013 sma-

225 2090 230 2095 .
338 2044 515 2117 ragdis
534 2045 752 2115 fulgent.
784 2042 918 2095 Sunt
945 2054 1118 2093 tamen
1147 2040 1240 2110 qui
1267 2057 1357 2090 ve-

338 2126 440 2179 lint
505 2142 690 2177 verum
747 2118 1078 2192 smaragdum
1131 2116 1355 2187 reperiri

338 2216 544 2259 tantum
574 2203 628 2255 in
655 2201 920 2255 Amen-ica.
953 2201 1121 2251 Bao-r.
1125 2197 1314 2253 -ΕΓ
1299 2214 1356 2248 ιιι

340 2284 464 2337 Asia
495 2298 712 2354 quoque
741 2278 1003 2333 orientali.
1033 2278 1138 2330 En.

425 2360 477 2412 3.
511 2360 655 2413 Nihil
669 2362 856 2411 omnino
883 2358 1090 2409 vir-idias
1112 2372 1361 2424 compara·

343 2452 444 2493 tum
485 2439 580 2491 illis
636 2441 771 2489 viret.
815 2437 943 2507 Leg.
995 2461 1016 2482 ι
1047 2430 1360 2503 Smaragdos

343 2538 472 2573 vero
499 2528 645 2572 tanto
684 2516 959 2580 libentius,
987 2513 1241 2585 quoniam
1279 2510 1363 2563 ni-

345 2599 421 2653 hil
476 2599 695 2650 omnino
745 2594 974 2649 viridius
1019 2602 1361 2664 comparatu,

345 2690 445 2733 etc.
477 2700 498 2723 ¹·
525 2677 695 2730 Sam.

430 2757 762 2818 4.Proete1·ea
801 2756 919 2814 soli,
970 2766 1068 2805 etc.
1118 2751 1364 2813 Solinus,

349 2853 410 2887 ex
431 2834 826 2906 Theophrasto,
855 2845 908 2884 et
938 2830 1210 2893 Isidorus,
1237 2828 1366 2881 locis

349 2913 535 2967 citatis.
566 2914 749 2965 ΗΑιιιι.

434 2994 486 3045 5.
537 2990 954 3061 Scalpente'busque
1011 3007 1220 3059 geramus
1274 3006 1368 3039 non

351 3074 454 3125 alia
487 3075 696 3141 gratior.
738 3069 984 3128 Solinus,
1019 3070 1139 3121 loco
1167 3066 1369 3121 citato.

359 3176 384 3199 ι
413 3149 618 3203 Deinde
653 3150 868 3203 obtutus
905 3148 1145 3219 fatigatos
1177 3146 1370 3201 coloris

353 3231 598 3285 reficiunt
619 3230 866 3283 lenitate:
897 3246 1017 3281 nam
1039 3228 1180 3281 visus
1196 3267 1210 3292 ,
1231 3243 1371 3297 quos

361 3310 578 3363 alterius
623 3326 842 3381 gemma
875 3307 1053 3378 fulgor
1084 3305 1372 3371 retuderit,

366 3388 626 3461 smaragdi
664 3400 906 3441 recreant
939 3399 992 3439 et
1039 3398 1318 3440 exacuunt.
1343 3411 1364 3433 ιι

355 3468 534 3523 Ham).

437 3554 492 3602 6.
524 3546 902 3618 Amplficaneur
939 3550 1078 3611 νιὶςιι,
1121 3559 1220 3599 etc.
1251 3546 1374 3599 Am·

355 3627 578 3698 pliflcari
601 3628 716 3681 visu
731 3626 1020 3697 longinquo
1037 3622 1238 3689 scribit,
1250 3626 1372 3697 quia

359 3724 528 3758 aerem
553 3708 652 3759 sibi
675 3706 906 3759 vicinum
924 3705 1236 3769 inficientes,
1254 3724 1370 3776 quae

359 3785 596 3855 proxima
621 3800 742 3839 sunt
759 3822 775 3848 ‚
803 3785 970 3837 immo
987 3786 1142 3837 etiam
1168 3786 1374 3855 longin-

361 3880 490 3934 qua,
514 3863 738 3917 videnda
767 3862 978 3918 tradant
1012 3865 1178 3918 oculis
1212 3862 1372 3917 viridi

364 3944 540 3997 colore
556 3943 765 3999 infecta.
795 3946 865 3997 Et
895 3944 1055 4015 paulo
1077 3956 1198 4013 post
1209 3945 1328 4015 lego
1356 3966 1369 3997 ε

366 4042 387 4064 ·
410 4020 556 4093 quod
579 4022 734 4078 etiam
755 4024 812 4077 in
837 4024 988 4094 aquis
1011 4042 1108 4079 nos
1131 4024 1314 4093 juvat3
1343 4050 1364 4071 ι

1442 1800 1499 1853 in
1532 1803 1681 1873 aquis
1702 1804 1807 1857 hoc
1827 1806 1983 1859 etiam
2010 1810 2191 1879 juvare
2210 1810 2282 1863 ait
2303 1822 2355 1864 et
2374 1810 2464 1865 de-

1443 1878 1665 1946 lectare,
1708 1884 1751 1935 si
1787 1884 1950 1939 vitrea
1992 1889 2361 1959 perspicuitate
2388 1892 2467 1943 vi-

1444 1978 1561 2012 sum
1602 1920 1718 2015 ad
1704 1980 1867 2016 imum
1909 1984 2073 2036 usque
2112 1966 2335 2020 fundum
2378 1968 2467 2023 ad-

1447 2039 1675 2092 mittant.
1704 2041 1769 2095 Et
1796 2043 1954 2113 paulo
1975 2058 2095 2114 post
2114 2047 2263 2116 lege:
2295 2073 2316 2094 ι
2339 2049 2469 2102 Pro·

1445 2118 1639 2169 ximam
1702 2119 1908 2174 laudem
1970 2124 2166 2177 habent
2229 2126 2363 2180 sicut
2417 2140 2471 2181 et

1446 2195 1623 2250 sedem
1644 2236 1661 2262 ,
1705 2199 1969 2254 Bactriani
2010 2203 2065 2255 in
2105 2207 2463 2260 commissuris

1447 2294 1693 2329 saxorum
1754 2280 2001 2350 colligere
2064 2301 2158 2336 eos
2216 2284 2470 2340 dicuntur

1448 2355 1637 2409 Etesiis
1662 2356 1949 2412 flantibus.
1937 2378 1950 2391 ·
1986 2374 2111 2415 tunc
2137 2364 2280 2417 enim
2304 2366 2458 2417 tellu-

1451 2452 1509 2487 re
1542 2447 1719 2505 aperta
1762 2438 1966 2503 nitent,
2019 2454 2119 2495 etc.
2143 2442 2272 2495 »Et
2309 2445 2469 2513 paulo

1453 2525 1618 2581 post:
1668 2515 1959 2570 «Tertium
2006 2520 2181 2573 locum
2233 2523 2473 2593 AEgyptii

1454 2590 1686 2655 habent,
1705 2594 1795 2663 qui
1819 2610 2077 2651 eruuntur
2099 2600 2237 2654 circa
2256 2602 2471 2673 Copton
2526 2654 2530 2658 .

1455 2669 1682 2733 incolis,
1713 2690 1777 2723 ex
1800 2675 2071 2741 cautibus,
2102 2678 2208 2733 ·.id
2236 2694 2349 2745 est,
2377 2682 2471 2753 qui

1456 2762 1719 2801 eruuntur
1732 2768 1793 2802 ex
1800 2754 2039 2806 cautibus
2056 2756 2122 2807 ab
2138 2757 2323 2813 incolis
2335 2761 2473 2814 circa

1457 2828 1688 2897 Copton.
1723 2830 1955 2884 Saxas.
1992 2864 2066 2875 -
2102 2830 2477 2907 Amplaficaneuf

1455 2912 1585 2960 visu.
1619 2908 1877 2963 Prasterea
1920 2930 1983 2963 ex
2019 2912 2177 2983 longo
2215 2917 2369 2986 spatii
2398 2918 2476 2970 in-

1458 2987 1679 3040 tervallo
1701 2990 1883 3042 oculos
1905 2991 2115 3055 feriunt,
2140 3007 2193 3047 et
2218 2996 2472 3067 amplissi-

1459 3084 1599 3121 mam
1623 3068 1874 3122 emittunt
1903 3088 1969 3123 ex
1994 3090 2049 3123 se
2075 3072 2263 3127 lucem.
2294 3076 2473 3131 ΗΑιιῐι.

1544 3166 1597 3215 7.
1630 3146 1895 3216 [reficientes
1919 3154 2047 3202 eirea
2073 3171 2125 3203 se
2159 3174 2475 3225 repercussum

1462 3246 1595 3279 aera.
1623 3226 1821 3281 Eadem
1850 3231 2063 3300 ambage
2082 3238 2363 3297 sermonis,
2388 3237 2478 3289 So-

1461 3306 1622 3372 linus,
1650 3324 1767 3377 pag.
1796 3308 1867 3361 36
1902 3332 1914 3360 :
1948 3336 1971 3357 ι
2001 3309 2241 3367 Proxima
2276 3316 2376 3367 sibi
2400 3316 2477 3367 in-

1463 3384 1654 3439 ficiunt
1674 3405 1791 3439 aere
1812 3407 2139 3459 repercusso.
2152 3417 2174 3440 ι
2205 3392 2439 3445 Isidorus
2455 3433 2473 3458 ,

1466 3466 1567 3518 loe.
1604 3466 1691 3519 cit.
1727 3492 1750 3514 ι
1777 3468 2027 3523 Inficiunt
2059 3472 2197 3524 circa
2220 3490 2273 3523 se
2296 3471 2479 3525 viridi-

1467 3557 1571 3598 tate
1588 3564 1950 3618 repercussum
1966 3566 2156 3603 aerem.
2175 3577 2196 3597 ι
2225 3550 2475 3605 Albertus

1465 3626 1687 3695 Magnus
1712 3625 1779 3680 de
1798 3628 1989 3679 Miner.
2023 3629 2115 3680 lib.
2146 3629 2219 3691 11,
2242 3648 2297 3697 p.
2330 3630 2475 3698 ²39²

1468 3706 1745 3758 ..Vicinum
1760 3724 1835 3758 aei
1848 3724 1930 3758 em
1945 3724 2035 3757 sua
2056 3705 2264 3760 videtur
2280 3708 2479 3780 tingere

1464 3784 1750 3839 viriditate.
1780 3812 1801 3832 ι
1832 3784 2009 3837 nmo.

1544 3866 1593 3917 8.
1618 3865 1733 3917 Non
1760 3864 1859 3915 sole
1890 3868 2073 3917 mutati.
2108 3864 2219 3918 Nec
2244 3867 2349 3932 sol,
2375 3888 2473 3923 nee

1463 3945 1651 3997 umbra
1670 3981 1689 4008 .,
1707 3962 1807 3996 nec
1832 3947 2061 3995 lucerna
2077 3982 2091 4009 ,
2114 3942 2343 3999 vividam
2360 3967 2473 4003 eam

1463 4022 1783 4077 viriditatem
1812 4020 2075 4076 auferunt.
2116 4022 2290 4078 Ηιιιιι.
