2975 4684
1055 395 1372 464 LIBER
1429 396 1812 467 XXXIII.

2285 361 2303 376 x
2405 391 2498 479 4³

363 531 455 618 Q.
507 525 712 596 Fabio
747 527 1049 596 Maximo
1086 527 1439 618 dictatore,
1486 553 1664 600 asses
1698 525 1990 598 unciales
2002 511 2054 565 ³⁷
2095 525 2316 596 facti:
2361 524 2500 644 pla·

362 635 633 728 cuitque
658 618 1066 704 denarium³⁸
1089 633 1391 715 sedecim
1408 636 1662 706 assibus
1693 633 2090 764 permutarig
2127 633 2503 727 quinarium

364 741 661 830 octonis,
706 742 1075 812 sestertium
1111 733 1487 836 quaternis.
1529 745 1633 812 Ita
1671 739 2044 837 respublica
2053 725 2106 778 ³⁹
2153 737 2498 811 dimidium

364 845 620 916 lucrata
676 860 801 915 est.
852 849 936 915 In
986 845 1255 918 militari
1306 863 1532 919 tamen
1595 847 1920 944 stipendio
1969 871 2232 944 semper
2297 845 2502 914 dena·

454 965 464 975 ·
559 984 569 992 -
590 995 601 1008 .
628 974 642 988 ⁸
680 961 695 988 ²
744 1000 746 1002 ,
776 973 796 1005 t

360 1026 469 1080 teri
480 1065 497 1091 ,
516 1023 751 1097 librique
770 1023 913 1102 typis
928 1025 1171 1098 impressi
1188 1040 1387 1094 curent,

362 1123 396 1158 a
425 1105 605 1176 primo
628 1102 699 1158 sd
724 1105 974 1158 ultimum
1003 1123 1017 1159 t
1052 1106 1120 1159 ab
1150 1104 1389 1161 editione

362 1185 607 1238 Romana
639 1185 765 1238 anni
806 1191 979 1255 ι47ο,
1024 1198 1077 1239 et
1119 1184 1391 1240 Parmensi

362 1263 491 1317 enni
524 1267 696 1334 1⁴76,
736 1275 794 1317 et.
823 1263 1006 1318 Italica
1048 1265 1391 1320 translatione

362 1341 601 1416 ejusdem
622 1343 749 1396 anni
766 1383 781 1409 ‚
808 1361 980 1414 nsque
1002 1341 1071 1398 ad
1098 1344 1391 1399 editionem

362 1422 725 1480 novissimam.
766 1422 837 1475 Et
878 1423 971 1476 hic
1006 1423 1138 1477 alter
1178 1424 1393 1477 interim

362 1502 509 1555 Festi
537 1502 719 1570 lapsus
746 1499 1041 1567 notandus,
1068 1503 1161 1574 qui
1190 1515 1398 1573 septen-

358 1583 459 1636 nio
490 1591 703 1634 tantum
742 1580 1087 1633 sextantarios
1126 1599 1263 1634 ssscs
1296 1580 1397 1634 du-

358 1677 513 1713 rasse
544 1659 735 1712 scribit
760 1677 775 1710 :
800 1676 968 1729 quum
998 1657 1258 1713 Punicum
1282 1661 1395 1714 bel·

358 1739 481 1793 lum
507 1738 765 1803 alterum,
790 1755 901 1810 quo
923 1738 1143 1792 conflari
1162 1739 1395 1793 unciales

358 1817 525 1889 ccepti
548 1829 697 1882 sunt,
720 1830 843 1887 post
858 1835 1029 1890 annos
1048 1819 1274 1890 amplius
1303 1839 1391 1884 πο,

364 1918 395 1951 s
414 1895 615 1969 prioris
635 1895 745 1950 fine
766 1897 837 1949 sit
860 1899 1219 1951 subsecutum.
1236 1899 1390 1952 11.-

364 1979 513 2031 Brot.
533 1987 731 2046 urgente
743 1976 820 2030 M.
838 1975 1123 2030 Bliaeuee‘um.
1147 1979 1254 2030 En.

446 2055 541 2128 37.
586 2056 830 2109 Umentes.
874 2056 1121 2110 Pondere
1167 2057 1339 2111 uncia
1370 2075 1386 2112 ε

366 2137 443 2191 sic
492 2134 777 2190 duodecim
828 2136 885 2188 in
944 2137 1173 2208 singulas
1226 2137 1389 2190 libras

364 2216 619 2287 percussi.
640 2216 825 2269 Ηιιιιι.

448 2294 543 2350 38.
586 2295 873 2368 Placuitque
904 2295 1169 2349 denarium.
1202 2296 1391 2349 Vitru-

366 2375 517 2441 vius,
560 2375 655 2429 lib.
706 2375 823 2441 111,
876 2393 996 2446 cap.
1044 2394 1095 2428 ι.
1136 2375 1391 2428 Volusius

364 2454 674 2520 Mucianus,
699 2473 821 2527 pag.
860 2458 990 2527 877,
1022 2455 1117 2526 qui
1148 2457 1247 2508 sub
1279 2457 1391 2507 An-

364 2537 551 2588 tonino
570 2535 669 2588 Pio
686 2535 824 2588 vixit
844 2551 859 2587 t
884 2557 905 2579 ι
929 2536 1190 2589 Denarius
1207 2535 1391 2606 primo

362 2631 503 2668 esses
532 2613 719 2667 decem
751 2614 988 2680 valebst,
1028 2614 1177 2668 unde
1202 2627 1256 2668 et
1287 2633 1389 2666 no·

366 2711 494 2746 men
523 2692 681 2746 traxit
711 2709 727 2746 ι
754 2693 1079 2760 Quinerius,
1101 2693 1391 2748 dimidium

364 2775 518 2842 ejus,
550 2770 609 2823 id
634 2783 739 2828 est,
772 2772 1006 2844 quinque
1032 2791 1169 2826 asses
1198 2793 1213 2825 τ
1246 2773 1391 2828 unde

368 2863 425 2904 et
466 2850 581 2922 ipse
626 2862 863 2902 vocetur.
908 2853 1209 2917 Sestertius,
1258 2851 1395 2906 duos

366 2947 509 2984 asses
535 2941 589 2983 et
610 2929 877 2983 semissem
893 2971 909 2994 ,
934 2931 1085 3002 quasi
1110 2931 1267 2985 semis
1290 2943 1394 2986 ter-

366 3009 477 3062 tius
498 3049 513 3061 .
547 3048 562 3063 .
587 3047 603 3062 .
630 3007 789 3062 Nunc
826 3007 1076 3064 denarius
1112 3009 1341 3065 sedecim
1373 3031 1387 3064 ι

364 3087 695 3142 victoriatus
726 3102 781 3143 et
806 3088 1099 3154 Quinsrius
1124 3103 1247 3144 octo
1272 3109 1287 3145 :
1310 3109 1391 3146 se·

364 3168 577 3223 stertius
606 3209 619 3232 .
676 3182 909 3240 quatuor
965 3189 1101 3224 ssses
1154 3172 1312 3225 velet.
1359 3196 1383 3219 ο

365 3248 598 3302 Exhibet
636 3249 851 3304 Petinus
894 3250 954 3302 in
990 3263 1149 3323 gente
1189 3251 1391 3304 Titini·

364 3345 647 3382 nummum
663 3366 679 3393 ,
704 3347 825 3401 pag.
857 3349 990 3401 ²77,
1020 3343 1073 3383 et
1092 3331 1149 3384 in
1174 3330 1390 3384 Valeria

362 3407 609 3472 alterum,
640 3417 763 3480 pag.
803 3412 936 3472 284,
970 3410 1257 3481 in,quibus
1290 3429 1391 3463 no-

366 3499 420 3540 te
448 3506 579 3552 xvr,
622 3489 855 3560 pretium
886 3487 1123 3554 denarii,
1166 3507 1233 3542 eo
1273 3507 1387 3561 quo

363 3580 489 3620 sunt
526 3568 643 3622 cusi
678 3567 761 3620 illi
798 3579 1073 3637 tempore,
1112 3566 1388 3634 indicent,

362 3663 559 3718 nempe
596 3663 735 3699 esses
780 3644 1042 3712 sedecim,
1083 3660 1143 3701 ut
1178 3647 1391 3718 priores

362 3739 493 3780 nota
520 3745 585 3789 x,
626 3723 813 3778 decem
852 3724 1143 3796 signabant.
1176 3726 1388 3781 Vidisse

360 3821 421 3857 se
458 3822 681 3877 qnoque
722 3805 1027 3879 quinarium
1078 3805 1151 3859 ait
1192 3809 1389 3862 Anton.

366 3886 722 3956 Augustinus,
782 3885 995 3956 Dialog.
1030 3887 1078 3951 1,
1116 3899 1243 3940 nota
1278 3905 1389 3942 vm

364 3963 673 4037 insignitum
701 3982 717 4018 t
754 3964 811 4018 in
840 3965 1093 4020 sestertiis
1130 3985 1261 4022 vero
1290 3985 1387 4022 ιιιι

364 4061 657 4117 numquam
694 4065 709 4096 ε
745 4045 879 4116 quin
912 4063 1011 4102 nec
1046 4046 1191 4100 illem
1232 4061 1386 4100 nota·

1472 1045 1595 1081 rum
1633 1025 1938 1080 varietatem
1979 1023 2074 1076 diu
2119 1023 2334 1076 durasse
2365 1041 2382 1074 e
2411 1020 2504 1076 sed

1474 1120 1680 1161 veteres
1709 1117 1863 1158 notas
1892 1104 2066 1156 statim
2105 1113 2398 1156 revocatas.
2429 1102 2500 1154 Η.

1475 1217 1556 1230 -
1579 1187 1868 1257 Placuieque
1901 1184 2148 1236 denarium
2186 1183 2387 1234 sedecim
2421 1199 2504 1233 as·

1474 1267 1627 1318 sibus.
1651 1265 1786 1336 Ejus
1815 1264 1892 1317 rei
1925 1273 2298 1333 argumentum
2335 1279 2499 1332 sppa·

1475 1357 1561 1398 ret
1589 1345 1643 1398 in
1669 1342 1906 1415 quodam
1931 1343 1995 1395 C.
2023 1340 2214 1395 Titinii
2241 1337 2464 1393 denario
2483 1379 2500 1405 ‚

1480 1424 1647 1494 capiti
1677 1424 1864 1474 Romo
1881 1459 1896 1486 ,
1919 1419 2065 1492 quod
2085 1421 2143 1472 in
2167 1421 2328 1470 altera
2350 1431 2501 1490 parte

1481 1502 1744 1572 signatum
1763 1511 1838 1552 est
1853 1539 1868 1568 ,
1883 1499 2088 1565 adjecta
2111 1499 2211 1551 hac
2225 1509 2370 1562 nota,
2387 1515 2504 1562 xvi,

1482 1594 1542 1634 ut
1573 1581 1630 1632 in
1679 1579 1792 1631 eliis
1831 1579 2010 1631 multis
2047 1598 2112 1644 x,
2153 1595 2350 1647 nempe
2377 1577 2504 1647 quia

1480 1658 1739 1714 feriundae
1763 1659 2006 1729 pecunia
2021 1659 2064 1710 is
2089 1659 2370 1727 praefectus
2393 1657 2506 1708 fue·

1477 1739 1580 1804 rit,
1622 1757 1786 1811 quum
1828 1738 2028 1791 assibus
2070 1735 2332 1789 sexdecim
2362 1749 2505 1807 ‘per-

1477 1831 1712 1872 mutatus
1739 1828 1819 1871 est
1843 1815 2117 1880 densi-ius,
2148 1815 2244 1886 qui
2273 1831 2376 1886 pro
2409 1815 2505 1868 de·

1477 1917 1595 1952 cem
1627 1911 1780 1952 antea
1807 1895 2053 1950 dabatur.
2086 1897 2286 1948 Unsm.

1563 1979 1656 2048 39.
1677 1979 1760 2031 Ita
1791 1977 2056 2047 respublica
2085 1975 2350 2028 dimidium.
2377 1975 2504 2028 Huc

1476 2057 1614 2110 lucri
1655 2057 1792 2110 ratio
1838 2057 1959 2110 fuit.
1995 2057 2281 2126 Antiqusta
2323 2065 2504 2108 vetere

1474 2137 1702 2207 pecunia
1731 2155 1801 2190 ex
1831 2155 1933 2190 oere
1949 2175 1965 2202 ,
1989 2147 2324 2207 argentoque
2341 2173 2356 2200 ,
2379 2135 2503 2188 essi·

1476 2218 1682 2288 busque
1710 2217 2040 2271 sextantariis
2065 2211 2380 2278 interdictis,
2407 2231 2506 2267 un·

1476 2297 1636 2350 ciales
1667 2297 1776 2350 cusi
1799 2308 1955 2360 sunt,
1984 2295 2088 2347 hoc
2108 2307 2211 2359 est,
2239 2295 2296 2347 in
2327 2294 2506 2364 singu·

1476 2374 1554 2428 las
1577 2377 1738 2428 libras
1758 2374 2021 2428 duodeni.
2045 2391 2210 2445 quum
2227 2375 2375 2448 prius
2389 2372 2502 2424 seni

1478 2467 1688 2509 tantum
1705 2443 2006 2508 ferirentur.
2024 2451 2506 2508 Confluentedein-

1477 2532 1548 2588 de
1575 2533 1642 2587 ad
1667 2535 1908 2588 orarium
1937 2535 2210 2606 publicum
2237 2533 2420 2605 plebe,
2441 2543 2504 2585 ut

1478 2633 1580 2684 pro
1611 2615 1936 2667 sextantibus
1973 2633 2143 2667 novos
2195 2631 2328 2666 ssses
2367 2613 2505 2664 scei-

1476 2705 1661 2766 peret,
1685 2693 1820 2746 nihil
1843 2692 2024 2746 damni
2049 2694 2196 2764 plebs
2221 2692 2466 2762 capiebat
2487 2730 2502 2756 ,

1480 2793 1649 2844 quum
1698 2773 1931 2844 ejusdem
1965 2774 2157 2844 pretii,
2197 2788 2500 2845 quenquam

1476 2852 1732 2926 ponderis
1789 2851 1984 2907 diversi
2043 2871 2176 2906 asses
2215 2852 2440 2906 referret
2487 2865 2503 2902 ε

1478 2933 1773 3005 respublica
1791 2971 1807 2998 ,
1855 2933 1966 2986 sive
2013 2933 2258 2986 aerarium
2278 2970 2294 2995 ‚
2344 2929 2506 2982 dimi·

1478 3013 1632 3067 dium
1695 3013 2016 3074 lucrabatur.
2078 3015 2312 3064 Rursum
2375 3027 2506 3064 con-

1478 3093 1678 3146 fluente
1701 3091 1884 3146 eadem
1905 3131 1919 3157 ,
1941 3105 2002 3147 ut
2022 3109 2210 3146 aream
2232 3103 2500 3144 monetam

1475 3172 1742 3244 acciperet
1765 3191 1868 3242 pro
1885 3183 2130 3242 argentea
2155 3185 2333 3224 vetere
2347 3207 2364 3234 ‚
2385 3187 2503 3242 qun

1477 3265 1593 3304 tum
1639 3264 1779 3312 eret,
1831 3248 2007 3304 edicto
2055 3252 2350 3324 antiquata,
2400 3267 2503 3322 pro

1478 3329 1710 3384 denariis
1733 3329 1951 3401 singulis
1984 3348 2116 3384 asses
2143 3329 2374 3384 sedecim
2404 3327 2504 3383 do·

1478 3427 1626 3463 mum
1641 3411 1926 3465 referebat:
1945 3412 2094 3464 nullo
2109 3411 2276 3482 ipsius
2283 3409 2502 3472 damno,

1476 3491 1752 3544 immosex
1769 3492 1960 3544 assium
1987 3491 2152 3556 facto,
2177 3503 2236 3543 ut
2257 3499 2512 3561 apparet,

1475 3569 1669 3624 lucro.
1655 3589 1670 3602 ·
1701 3589 1824 3623 nam
1853 3569 2036 3624 decem
2064 3583 2274 3624 tantum
2301 3567 2502 3622 assibus

1474 3648 1728 3704 denarius
1743 3650 1875 3703 olim
1889 3652 2196 3704 texebatur.
2211 3661 2340 3702 tunc
2353 3663 2498 3706 vero,

1474 3729 1722 3784 sedecim.
1754 3731 1982 3784 Minoris
2003 3731 2058 3782 hi
2081 3727 2300 3800 quidem
2331 3741 2494 3789 asses,

1476 3822 1538 3863 ut
1577 3808 1843 3874 diximus,
1882 3810 1976 3881 qui
2013 3825 2202 3862 reeens
2248 3802 2494 3868 conflati,

1474 3887 1625 3942 fuere
1664 3887 1970 3962 ponderis·
2002 3899 2056 3940 at
2085 3884 2246 3956 pretii
2281 3886 2504 3938 omnino

1474 3985 1602 4022 cum
1641 3967 1914 4039 prioribus
1951 3965 2112 4035 paris.
2146 3966 2350 4020 Verum
2403 3965 2506 4017 rei

1478 4048 1710 4118 publica
1757 4060 1808 4099 et
1856 4043 2024 4098 oersrii
2078 4047 2246 4118 majus
2291 4046 2508 4099 lucrum
