2975 4684
1078 405 1383 473 LIBER
1435 406 1805 474 XXXIV.

2379 406 2507 475 165

386 534 613 604 consul
671 535 915 615 dicavit
950 560 964 602 :
1011 534 1293 605 alterum
1330 561 1369 605 a
1406 536 1696 607 Charete
1735 560 1934 631 supra
1985 535 2166 605 dicto
2215 537 2505 606 factum:

388 640 667 711 alterum
692 642 847 711 fecit
874 642 1177 712 Decius²⁷
1218 645 1714 736 comparatione
1751 645 1818 713 in
1864 655 2118 711 tantum
2159 644 2408 730 victus,
2437 657 2511 713 ut

388 747 744 816 artificium
809 750 1081 817 minime
1136 748 1494 842 probabilis
1555 749 1822 821 artificis
1882 747 2199 817 videatur.
2253 750 2508 818 Verum
2545 764 2578 811 6

388 878 655 922 omnem
691 853 1191 948 amplitudinem
1225 870 1592 924 statuarum
1635 854 1776 948 ejus
1822 856 2076 949 generis
2122 856 2278 923 vicit
2319 869 2510 924 aetate

390 973 613 1029 nostra
674 959 1089 1048 ZenodoruS,
1157 952 1562 1030 Mercurio²⁸
1609 962 1784 1030 facto
1837 964 1904 1029 in
1967 962 2227 1030 civitate
2279 952 2511 1030 Ga'lliae

386 1067 733 1148 Arvernis,
789 1090 908 1161 per
952 1090 1164 1137 annos
1218 1067 1478 1153 decem,
1550 1070 1612 1135 H
1621 1070 1714 1136 -S.
1787 1088 1967 1135 cccc
1986 1068 2035 1106 ²⁹
2094 1068 2506 1160 manipretio.

388 1172 743 1265 Postquam
782 1175 938 1243 satis
994 1174 1084 1241 ibi
1127 1188 1335 1241 artem
1384 1174 1904 1268 approbaverat,
1941 1174 2224 1240 Romam
2265 1174 2509 1243 accitus

388 1290 489 1345 est
521 1302 561 1345 a
603 1280 899 1362 Nerone,
940 1280 1057 1347 ubi
1091 1279 1489 1347 destinatum
1517 1278 1689 1347 illius
1715 1278 2032 1407 principis
2057 1275 2512 1365 simulacrum,

388 1382 719 1452 colossum
757 1385 957 1465 fecit,
1012 1408 1101 1453 cx
1138 1384 1383 1479 pedum
1416 1368 1885 1478 longitudine³⁰
1889 1436 1908 1469 ,
1951 1384 2064 1475 qui
2110 1382 2363 1451 dicatus
2396 1386 2514 1453 So·

388 1474 527 1556 lis³¹
562 1490 969 1558 venerationi
1020 1503 1154 1575 est,
1201 1489 1528 1558 damnatis
1572 1488 1925 1557 sceleribus
1967 1486 2139 1555 illius
2179 1489 2511 1581 principiS.

390 1594 859 1662 Mirabamur
841 1620 913 1661 m
948 1593 1217 1663 officina
1246 1618 1383 1662 non
1413 1591 1616 1663 modo
1645 1618 1726 1661 ex
1769 1591 1994 1688 argilla
2026 1590 2511 1661 similitudinem

393 1700 771 1791 insignem.
812 1722 1043 1767 vetum
1080 1712 1147 1768 et
1174 1722 1255 1767 ex
1292 1701 1510 1795 parvis
1554 1698 1910 1769 admodum
1947 1684 2292 1767 surculis³²
2297 1698 2516 1793 ,quod

392 1806 683 1897 primum
729 1807 945 1898 operis
986 1806 1191 1874 instar
1236 1803 1376 1875 fuit.
1433 1808 1534 1874 Ea
1582 1819 1802 1874 statua
1849 1805 2164 1873 indicavit
2213 1807 2520 1875 interisse
2551 1824 2582 1875 7

394 1908 713 1979 fundendi
740 1914 883 1979 aeris
924 1911 1293 1997 scientiam,
1332 1936 1538 2005 quum
1573 1926 1640 1979 et
1666 1912 1849 1981 Nero
1883 1909 2105 2004 largiri
2142 1934 2378 1979 aurum
2403 1936 2514 1979 ar-

390 2031 795 2112 gentumque
829 2031 1098 2111 paratus
1137 2032 1339 2103 esset,
1388 2032 1459 2086 et
1486 2016 1890 2089 Zenodorus
1905 2017 2178 2086 scientia
2219 2016 2513 2111 fingendi

392 2120 794 2218 caelandique
841 2122 1003 2191 nulli
1044 2138 1344 2193 veterum
1375 2137 1906 2219 postponeretur.
1946 2124 2244 2191 Statuam
2273 2124 2518 2192 Arver-

477 2320 567 2371 ²7·
610 2300 807 2352 Decius.
847 2300 1155 2353 statuarius.
1185 2302 1366 2354 Halm.

477 2384 567 2435 28.
615 2380 871 2432 Mercurio.
916 2380 1083 2433 Vetus
1133 2379 1409 2450 inscriptio

394 2458 537 2529 spud
563 2458 721 2513 Grut.
748 2478 802 2529 p.
832 2458 903 2513 53
920 2498 935 2522 ,
966 2478 987 2512 ι
1007 2478 1029 2513 1
1054 2480 1065 2509 ε
1100 2476 1406 2513 nnncvnro.

398 2555 665 2592 ssvsnno.
692 2555 887 2593 vtem.
912 2538 1094 2592 Hssu.

480 2635 571 2685 29.
613 2618 741 2672 H-S.
784 2608 938 2669 Effe?
972 2620 1271 2687 manipretio-
1298 2616 1415 2669 Hoc

396 2707 474 2748 est
486 2735 503 2760 ,
520 2698 813 2751 sestertium
844 2696 1297 2768 quadringenties,
1320 2696 1415 2748 ubi

398 2774 925 2847 subintelligendum,
955 2776 1251 2829 sestertium
1288 2793 1417 2847 qus·

402 2850 725 2923 dringenties
754 2856 987 2909 centenis
1021 2854 1289 2918 millibus,
1328 2873 1418 2906 su-

380 2934 669 3002 -perposits
713 2952 937 2987 numero
979 2944 1105 2985 nota
1150 2931 1415 2986 admonet.

404 3010 473 3063 H.
502 3042 579 3053 —
598 3012 745 3064 Brot.
770 3032 833 3066 ex
860 3012 1011 3064 MSS.
1034 3014 1197 3083 Regg.
1222 3022 1273 3063 et
1292 3010 1416 3066 edit.

404 3090 669 3161 principe,
682 3090 815 3144 lat-S.
839 3090 1031 3146 Ccec
1040 3094 1339 3161 manupretio,
1351 3090 1415 3142 li·

402 3170 569 3223 neola-
594 3169 839 3225 videlicet
854 3210 871 3237 ,
892 3190 1049 3244 quam
1082 3170 1422 3242 superposuit

404 3249 733 3316 narduinus,
744 3250 937 3305 deleta.
954 3248 1317 3321 Quadringeni
1333 3269 1419 3303 su

401 3343 507 3383 tem
528 3330 675 3383 mille
684 3332 905 3385 sestertii
924 3350 1019 3402 per
1032 3329 1217 3384 decem
1236 3348 1422 3393 annos,

402 3410 643 3463 efficiunt
700 3424 925 3465 moneta
996 3410 1195 3482 gallico
1262 3410 1427 3462 libras

405 3492 571 3560 778,1
586 3508 673 3542 so,
688 3490 847 3555 Quod
870 3490 1137 3544 sufficiens
1157 3500 1237 3543 est
1266 3502 1425 3543 tantae

400 3583 585 3624 statue
604 3571 997 3640 manipretium.
1026 3570 1225 3621 En.-
1238 3568 1423 3621 Statim

404 3668 529 3702 mox
551 3651 700 3702 Brut.
731 3648 873 3702 idem
908 3666 971 3701 ex
1002 3648 1151 3701 MSS.
1175 3648 1340 3718 Regg.
1361 3646 1417 3707 3,

408 3728 461 3791 ⁵,
483 3742 537 3783 et
556 3727 643 3782 ed.
667 3747 752 3797 pr.
780 3728 863 3791 Is,
887 3739 1158 3798 postquam,
1192 3738 1293 3779 etc.
1320 3728 1423 3779 En.

488 3808 573 3862 30.
605 3808 715 3863 CX
726 3806 901 3878 pedum
924 3806 1238 3879 longitudine.
1260 3806 1428 3858 Trau-

408 3888 558 3959 quill.
584 3890 641 3941 in
660 3888 898 3947 Nerone,
927 3906 975 3940 c.
992 3902 1127 3937 xxxx
1139 3922 1157 3951 ,
1176 3884 1250 3937 sit
1267 3884 1425 3938 fuisse

411 3978 626 4020 centum
654 3980 711 4021 ct
730 3986 799 4021 xx
828 3986 841 4020 z
894 3992 919 4015 ι
945 3964 1291 4018 Vestibulum
1315 3966 1429 4036 ejus

412 4042 599 4100 domus
616 4046 717 4101 fuit
729 4086 744 4113 ,
758 4047 813 4101 in
829 4066 939 4119 quo
952 4044 1191 4099 colossus
1204 4056 1423 4097 centum

1499 2297 1684 2371 viginti
1701 2296 1900 2373 pedum
1919 2309 2079 2351 staret
2097 2295 2266 2367 ipsius
2278 2296 2469 2368 effigie.
2492 2324 2512 2345 ι.

1582 2378 1673 2431 31.
1721 2380 1821 2447 Qui
1864 2378 2052 2429 dicatus
2079 2375 2240 2441 Solis,
2279 2389 2378 2429 etc.
2415 2374 2524 2428 Co·

1499 2457 1668 2510 lossus
1691 2457 1782 2511 ille
1809 2457 1919 2510 soli
1945 2456 2252 2510 dicatus‘est
2273 2467 2393 2526 post
2422 2457 2521 2508 ob-

1500 2537 1634 2589 itum
1663 2536 1902 2603 Neronis.
1941 2536 2153 2589 Rectius
2189 2547 2373 2607 putem
2393 2574 2408 2597 ,
2439 2540 2526 2608 qm·

1503 2614 1690 2667 Achaeus
1710 2613 1819 2668 Soli
1829 2654 1844 2674 .
1869 2628 1969 2668 etc.
1991 2616 2209 2669 Hieron.
2229 2615 2285 2667 in
2308 2633 2424 2686 cap.
2447 2634 2518 2669 ιιι

1505 2696 1705 2748 Hebae.
1739 2720 1760 2742 ι
1791 2694 1890 2747 Hic
1919 2695 2150 2747 colossus
2175 2706 2381 2747 erectus
2420 2696 2521 2748 sub

1503 2774 1720 2827 Nerone
1755 2774 1984 2827 refectus
2011 2792 2042 2826 a
2073 2774 2425 2844 Vespasiano,
2458 2793 2524 2827 sc

1503 2852 1726 2925 dempto
1766 2854 1937 2923 capite
1986 2852 2247 2919 Neronis,
2293 2863 2346 2905 et
2388 2850 2522 2907 Solis

1503 2932 1738 3003 adjecto,
1783 2950 1906 2985 cum
1948 2944 2150 3003 septem
2192 2930 2386 2993 radiis,
2410 2930 2522 2985 Soli

1505 3011 1712 3065 dicatus
1738 3012 1870 3077 fuit,
1900 3024 1997 3064 etc.
2030 3014 2162 3063 »De
2189 3013 2294 3064 hoc
2319 3011 2522 3066 colosso

1504 3092 1734 3144 Martial.
1763 3091 1820 3143 in
1847 3090 2395 3163 Spectsc.Epigr.11;
2425 3091 2523 3145 ite·

1504 3188 1756 3242 rumque,
1771 3172 1825 3234 1,
1843 3188 1930 3242 ep.
1949 3188 2111 3224 uxr·
2139 3173 2293 3224 «Nec
2315 3182 2366 3223 te
2387 3168 2524 3224 deti-

1505 3262 1629 3303 nest
1683 3250 1806 3303 miri
1853 3248 2052 3302 radiata
2107 3250 2330 3315 colossi,
2389 3250 2524 3315 Quo

1509 3327 1780 3382 Rhodium
1845 3329 2008 3382 moles
2063 3330 2275 3384 vincere
2331 3328 2534 3401 gaudet·

1513 3426 1666 3479 opus.
1714 3434 1737 3456 ι
1779 3408 1920 3461 uino
1961 3426 2162 3463 errasse
2201 3411 2524 3481 Spartanum

1511 3488 1800 3559 intelliges,
1841 3488 1934 3559 qui
1963 3488 2074 3541 Soli
2100 3488 2329 3543 dicatum
2368 3486 2530 3539 fuisse

1514 3569 1582 3621 nb
1615 3566 1886 3621 Hadriano
1912 3567 2127 3631 retulit,
2169 3570 2222 3620 in
2254 3570 2368 3637 eius
2401 3564 2527 3618 vite.

1513 3647 1575 3701 P.
1601 3649 1790 3701 Victor
1813 3648 1873 3699 in
1906 3660 2096 3719 quarta
2119 3645 2286 3698 Urbis
2313 3642 2530 3712 regione

1511 3728 1652 3781 locat
1677 3746 1692 3781 ε
1721 3755 1744 3777 ι
1765 3728 2012 3782 Colossus
2031 3726 2166 3779 altus
2183 3733 2394 3775 centum
2420 3720 2533 3775 duo

1511 3807 1697 3872 semis,
1750 3808 1950 3859 habens
1998 3805 2054 3857 in
2117 3801 2290 3871 capite
2355 3798 2535 3853 radios

1512 3898 1712 3957 septem
1758 3906 1770 3936 ε
1821 3882 2014 3954 singuli
2053 3878 2252 3951 pedum
2290 3898 2415 3934 xxn.
2455 3896 2536 3935 se.

1513 3966 1634 4019 mis.
1670 3990 1691 4011 ι
1735 3964 1918 4016 ΗΔΙΙ).

1599 4044 1690 4097 32.
1708 4040 1940 4095 smnus.
1951 4036 2229 4107 virgultis.
2253 4038 2539 4095 iis-su..

2133 4158 2158 4204 1
2180 4158 2205 4205 1
2220 4129 2250 4182 3
