2975 4684
1095 392 1403 460 LIBER
1441 376 1831 460 xxxvl.

2388 392 2524 485 447

403 530 762 599 etiamnum
813 524 1044 593 sedens
1097 522 1430 594 colosseus
1487 548 1523 591 e
1528 508 1843 593 ‘us-,dem²33
1846 576 1865 609 ‚
1915 524 1983 590 in
2034 521 2284 642 templo
2344 526 2531 592 Bruti

405 631 677 703 Callaici
707 631 884 727 apud
903 631 1150 699 circum
1183 616 1557 699 eumdem⁴
1561 632 1922 698 ‚Praeterea
1943 631 2263 698 Venusia
2299 629 2531 699 eodem

405 738 555 809 loco
581 738 760 807 nuda
790 735 1201 806 praxiteliam
1234 734 1412 805 illam
1438 720 1893 805 antecedens⁸⁵
1896 786 1917 819 ,
1946 750 2013 803 et
2046 754 2534 829 quemcumque

409 844 608 915 alium
653 843 870 913 locum
917 842 1361 912 nobilitatura.

417 978 422 987 ·
517 954 750 1019 Romae
803 949 1068 1043 quidem
1107 940 1510 1043 magnitudo
1556 970 1833 1041 operum
1890 970 2033 1017 eam
2077 944 2411 1035 obliterat,
2462 972 2539 1015 ac
2586 952 2645 1005 15
2715 1000 2722 1012 .

412 1058 636 1151 magni
664 1056 1038 1126 officiorum
1067 1058 1617 1153 negotiorumque
1659 1054 1877 1121 acervi
1915 1078 2145 1123 omnes
2182 1078 2222 1124 a
2254 1043 2544 1139 contem-'-

415 1162 705 1257 platione
738 1161 969 1233 talium
997 1162 1370 1231 abducunt:
1393 1160 1703 1255 quoniam
1722 1160 2091 1229 otiosorum
2124 1160 2279 1227 etin
2304 1184 2549 1254 magno

419 1268 542 1337 loci
590 1268 846 1338 silentio
881 1282 1033 1361 apta
1071 1268 1415 1335 admiratio
1449 1265 1597 1334 talis
1645 1281 1764 1335 est.
1828 1266 1980 1353 Qua
2013 1264 2097 1331 de
2136 1288 2331 1333 causa
2369 1267 2550 1363 igno-

421 1389 606 1444 ratur
639 1374 876 1443 artifex
913 1374 1052 1465 ejus
1089 1397 1352 1466 quoque
1377 1372 1658 1440 Veneris
1670 1396 1914 1465 ,quam
1948 1372 2453 1464 Vespasianus
2437 1397 2556 1440 im·

421 1495 688 1573 perator
714 1482 784 1547 in
806 1478 1117 1573 operibus
1132 1462 1371 1546 Pacis⁸⁶
1395 1501 1529 1545 suae
1547 1476 1815 1563 dicavit,
1833 1478 2255 1570 antiquorum
2286 1477 2569 1606 dignam
2650 1548 2667 1557 ,

424 1584 618 1653 fama.
649 1588 778 1652 Par
809 1584 1132 1652 haesitatio
1163 1584 1358 1651 estin
1389 1570 1639 1677 templo
1675 1581 1997 1676 Apollinis
2025 1583 2366 1667 Sosiam,
2293 1568 2341 1622 ⁸⁷
2402 1585 2562 1652 Nio·
2606 1602 2669 1652 16

428 1768 619 1821 Graeca
645 1784 763 1838 quae
788 1779 911 1819 sunt
933 1768 1119 1831 obvia,
1142 1766 1459 1838 praetermit-

429 1848 588 1899 timus
633 1864 648 1898 ε
701 1846 867 1899 latine
919 1846 1111 1899 Grotio
1173 1846 1458 1915 interprete

431 1924 706 1979 reddimus
733 1946 746 1975 ε
780 1952 803 1973 ι
826 1926 962 1989 Quis
985 1924 1153 1978 adstat
1172 1924 1306 1977 ista?
1331 1926 1461 1977 Bac-

430 2007 546 2059 cha.
591 2005 724 2071 Quis
769 2004 1026 2074 sculpsit?
1065 2004 1276 2074 Scopas.
1322 2004 1459 2068 Quis

432 2084 702 2138 entheavit
731 2090 755 2135 Ρ
808 2084 1044 2137 Bacchus
1098 2103 1164 2136 au
1227 2080 1459 2154 Scopas?

436 2166 648 2235 Scopas.
678 2188 700 2210 ι
732 2165 802 2216 Et
823 2164 990 2234 paulo
1011 2176 1132 2215 ante
1157 2184 1169 2213 :
1203 2188 1225 2209 ι
1252 2164 1458 2217 Baccha

435 2242 582 2316 quod
608 2243 804 2295 insanit
820 2282 834 2306 ,
861 2262 970 2295 non
992 2243 1096 2295 hoc
1125 2254 1313 2295 natura
1330 2282 1346 2307 ‚
1368 2240 1460 2295 sed

441 2342 526 2375 ars
560 2334 638 2374 est
665 2340 678 2373 :
702 2322 855 2374 Vivit
885 2323 1026 2373 enim
1062 2320 1230 2392 lapidi
1267 2323 1464 2375 mixtus

346 2404 354 2407 ’
438 2403 507 2458 nb
537 2411 650 2453 arte
677 2400 839 2453 furor.
875 2426 898 2448 ιι
931 2400 1108 2453 Hann-

521 2480 611 2532 83.
649 2479 905 2550 Ejusdem.
951 2478 1068 2532 Hoc
1113 2492 1218 2544 est,
1261 2480 1466 2551 Scope.

442 2560 630 2612 Martis
661 2560 860 2612 scilicet
891 2559 944 2612 in
985 2557 1130 2623 ede,
1175 2578 1206 2612 a
1244 2560 1466 2611 Decimo

442 2639 609 2693 Iunio
640 2640 806 2692 Bruto
841 2638 1072 2693 Callaico
1099 2651 1358 2691 exstructa
1407 2656 1469 2691 ac

445 2716 706 2773 dedicata.
731 2720 790 2771 P.
819 2719 1013 2771 Victor
1039 2720 1140 2771 loc.
1183 2718 1270 2769 cit.
1299 2735 1471 2788 prope

448 2795 732 2849 delubrum
777 2798 877 2849 Cn.
924 2797 1176 2859 Domitii,
1226 2796 1473 2865 Templum

449 2876 600 2927 Bruti
639 2875 868 2927 Callaici.
906 2876 988 2927 De
1022 2876 1188 2927 Bruto
1241 2873 1474 2927 diximus

451 2954 554 3016 lv,
588 2952 682 3006 35.
722 2954 939 3007 Callaici
969 2972 1261 3023 cognomen
1292 2956 1416 3006 tulit
1444 2974 1474 3006 a

451 3032 692 3087 Gallaecia
717 3032 938 3086 devictis
960 3032 1226 3104 Hispaniae
1244 3035 1474 3105 populis.

455 3110 596 3166 Vide
623 3112 761 3165 Livii
791 3112 934 3183 Epit.
963 3112 1059 3167 tib.
1086 3113 1228 3166 LVI.
1253 3114 1435 3167 Hann.

538 3195 632 3255 84.
673 3192 830 3262 Apud
859 3195 1034 3244 circum
1061 3194 1288 3245 eamdem.
1319 3196 1382 3246 In
1413 3192 1479 3245 li-

455 3273 564 3325 bris
601 3269 671 3326 ad
705 3272 850 3325 hunc
883 3270 1026 3325 diem
1059 3272 1241 3337 editis,
1281 3274 1478 3326 subne-

456 3364 670 3406 ctuntur
683 3352 766 3404 his
777 3352 1014 3418 vocibus,
1029 3372 1148 3423 quae
1163 3362 1479 3423 sequuntur,

467 3458 490 3479 ι
523 3430 593 3483 ad
633 3432 956 3484 Labicanum
1001 3444 1208 3503 portam
1239 3432 1418 3505 eunti,
1451 3457 1474 3477 ι»

460 3528 588 3582 quas
611 3530 712 3564 nec
749 3510 957 3564 codices
995 3510 1160 3565 nostri
1199 3510 1352 3565 MSS.
1383 3530 1482 3564 nec

461 3590 692 3643 Pintiani
739 3604 1030 3663 agnoscunt
1067 3612 1078 3643 ε
1123 3609 1223 3643 nec
1277 3590 1483 3643 viarum

465 3670 627 3723 Urbis
649 3668 786 3724 ratio
811 3671 1026 3741 patitur,
1045 3670 1302 3723 Lavicana
1329 3682 1486 3741 porta

463 3768 494 3802 a
517 3749 661 3804 circo
689 3750 953 3803 Flaminio
978 3750 1181 3821 ingenti
1206 3749 1486 3802 intervallo

464 3830 695 3899 sejuncta
709 3870 724 3895 ,
739 3842 798 3882 ut
810 3829 1178 3883 animadvertit
1193 3828 1488 3883 Alexander

468 3908 712 3962 Donatus
761 3922 959 3974 noster,
1004 3907 1073 3962 de
1111 3911 1248 3962 urbe
1283 3910 1484 3973 Roma,

469 3985 565 4039 lib.
593 3989 703 4053 111,
734 4006 846 4061 cap.
879 3995 978 4052 14,
1008 4008 1130 4061 pag.
1162 3994 1288 4043 261.
1321 3988 1391 4042 H.

555 4066 648 4119 85.
682 4068 998 4122 praxiteliam
1033 4068 1166 4122 illam
1192 4068 1485 4121 antecedens.

1544 1766 1951 1837 Scopasfloruit‚
1963 1766 2216 1820 testePlin
2227 1808 2239 1819 .
2253 1766 2290 1819 l.
2307 1768 2570 1833 XXXIV,

1544 1865 1662 1915 cap.
1691 1847 1722 1898 8
1740 1886 1755 1912 ‚
1770 1844 2093 1917 Olympiade
2116 1864 2369 1910 Lxxxvtn
2390 1847 2570 1899 Praxi-

1546 1926 1674 1978 teles
1712 1937 1885 1979 autem
1923 1922 2245 1995 Olympiade
2278 1944 2401 1989 ειη
2429 1926 2567 1979 Plin-

1546 2004 1682 2058 ibid.
1734 2004 1923 2077 Scopae
1986 2005 2169 2057 Venus
2236 2005 2570 2059 Praxiteliam

1546 2082 1813 2137 Venerem
1866 2084 2141 2136 antecessit
2180 2084 2395 2155 quidem
2436 2098 2571 2137 tem-

1548 2182 1709 2235 pore,
1745 2175 1800 2216 at
1837 2181 1943 2215 non
1976 2162 2254 2233 dignitate.
2286 2162 2573 2218 Laudanda

1549 2254 1724 2295 tamen
1747 2240 1901 2296 valde
1921 2243 2023 2297 fuit
2052 2242 2139 2294 illa
2166 2243 2352 2314 Scopae
2370 2246 2575 2310 Venus,

1549 2321 1696 2394 quod
1732 2341 1899 2394 quum
1945 2323 2085 2375 foret
2124 2321 2405 2376 Praxitelia
2440 2325 2576 2377 anti-

1550 2402 1726 2473 quior,
1740 2402 1946 2473 egregia
1968 2416 2141 2455 tamen
2164 2416 2315 2467 esset,
2328 2416 2381 2455 et
2395 2422 2578 2474 quem-

1553 2499 1786 2549 cumque
1810 2481 1973 2532 alium
2010 2482 2187 2533 locum
2215 2482 2578 2537 nobilitatum.

1554 2559 1677 2611 Non
1714 2560 2001 2631 pugnantia
2038 2578 2165 2631 ergo
2193 2554 2581 2633 loquitur—Pli-

1555 2638 1708 2702 nius,
1760 2651 1820 2690 ut
1849 2638 1967 2692 vult
2002 2640 2085 2692 cl.
2110 2640 2383 2694 Falconet.
2411 2643 2580 2697 Bam-⁸.

1558 2746 1637 2758 —-
1672 2715 2013 2771 Praxiteliam.
2053 2718 2221 2771 Gron.
2257 2733 2308 2772 et
2348 2721 2431 2774 Al.
2464 2736 2583 2777 ante

1558 2794 1722 2849 Hard.
1752 2797 2070 2849 Praxiteliam
2092 2798 2225 2849 illam
2250 2800 2476 2853 Cnidiam
2496 2821 2586 2853 an-

1560 2876 1785 2928 tecedens.
1808 2876 1911 2929 En.
2428 2944 2433 2951 ί

1644 2957 1737 3009 86.
1764 2957 1825 3008 In
1849 2954 2066 3025 operibus
2093 2956 2259 3011 Pacis.
2286 2957 2435 3011 Pacis
2456 2971 2591 3013 tem·

1561 3036 1709 3108 plum
1747 3035 1993 3105 intelligit
2026 3034 2299 3089 conditum
2326 3057 2359 3089 a
2384 3038 2589 3111 Vespa·

1562 3116 1745 3177 siano,
1780 3127 1837 3167 ut
1858 3116 1986 3167 alibi
2017 3114 2278 3169 diximus:
2310 3118 2489 3171 multis
2520 3122 2592 3173 si-

1564 3194 1677 3246 mul
1700 3192 1937 3246 edificiis
1955 3192 2178 3259 additis,
2206 3197 2335 3249 utin
2358 3197 2591 3253 Octavia

1567 3274 1822 3344 operibus
1858 3272 2057 3325 dictum
2086 3288 2187 3341 est,
2226 3278 2457 3339 XXXV,
2496 3280 2587 3348 37.

1568 3352 1772 3405 Scholis
1836 3352 2080 3407 videlicet
2150 3368 2203 3407 et
2250 3358 2591 3411 bibliotheca.

1568 3432 1909 3487 Bibliotheca!
1931 3446 2073 3487 certe
2100 3437 2285 3505 templi
2312 3436 2459 3489 Pacis
2484 3455 2595 3488 me-

1571 3512 1725 3566 minit
1746 3512 1977 3577 Gellius,
2001 3514 2091 3567 lib.
2114 3514 2248 3566 xvl
2267 3553 2283 3579 ,
2304 3533 2418 3582 cap.
2443 3516 2495 3567 8.
2521 3516 2590 3567 H.

1653 3594 1748 3662 87.
1803 3596 2051 3665 Apollinis
2088 3592 2297 3645 Susiani.
2338 3592 2593 3645 Sosianum

1572 3671 1785 3743 quidam
1810 3674 1997 3727 volunt
2018 3674 2117 3725 ἀπὸ
2138 3677 2221 3723 τοῦ
2244 3672 2411 3731 σώζειν
2428 3710 2443 3735 ,
2464 3690 2593 3743 qua·

1572 3751 1615 3804 si
1660 3756 1893 3823 σωτῆρα,
1935 3770 2042 3823 qua
2082 3749 2289 3801 ratione
2331 3752 2597 3805 σωσίπολιν

1576 3828 1737 3883 deum
1757 3871 1773 3896 ‚
1810 3832 1960 3885 victis
1990 3826 2317 3893 Arcadibu5‚
2354 3832 2472 3884 Elei
2506 3850 2599 3885 co·

1573 3910 1789 3965 luerunt
1803 3950 1818 3975 ,
1847 3907 2099 3963 Pausania
2124 3918 2365 3974 auctore,
2387 3911 2483 3964 lib.
2500 3913 2599 3967 VI.

1576 3988 1689 4043 Alii
1740 3989 1936 4041 Sosiani
1976 3988 2411 4057 interpretantur,
2452 3994 2603 4063 quasi

1578 4068 1809 4133 Susiani,
1836 4068 1980 4121 Susis
2007 4068 2227 4120 Romam
2259 4072 2442 4124 avecti.
2462 4072 2603 4125 Vide
