2975 4684
484 379 620 453 508

478 500 823 583 diximus⁴⁹
892 513 905 525 '

1006 383 1081 448 C.
1126 378 1459 448 PLINII
1511 379 1722 448 NAT.
1775 379 2031 447 HIST.

828 560 849 595 ,
889 496 1093 583 unae⁵⁰
1123 509 1832 604 duodequadragenum
1877 511 2140 604 pedum.
2191 512 2386 607 Signa
2419 540 2589 586 aerea

477 620 647 687 inter
680 616 1015 687 columnas
1036 667 1055 699 ,
1082 631 1159 683 ut
1193 602 1708 703 indicavitnus⁵¹,
1750 616 2020 685 fuerunt
2060 617 2183 686 tria
2217 616 2420 693 millia
2459 646 2588 690 nu-

378 754 437 787 12
475 749 677 792 mero.
692 727 909 793 Cavea
935 723 1071 816 ipsa
1102 712 1275 815 cepit
1304 720 1646 789 hominum
1679 746 1872 791 Lxxx
1901 720 2134 814 millia:
2162 744 2369 816 quum·
2390 727 2588 794 Pom-

476 830 693 923 peiani
735 813 1031 897 theatri⁵’
1059 826 1253 895 toties*
1278 825 1708 921 multiplicata
1737 828 1921 896 Urbe
1937 870 1969 913 ‚·
1990 842 2302 921 tantoque
2337 832 2587 924 majore

476 934 759 1029 popu10,
798 933 1080 1001 sufficiat
1119 931 1298 1026 large
1338 932 1766 1025 quadraginta
1808 931 2098 1003 millibus
2116 919 2186 1002 ⁵³.
2219 935 2348 1003 Sed
2381 951 2450 1004 et
2481 962 2590 1005 re-

479 1037 693 1134 liquus
742 1051 1095 1132 apparatus
1116 1088 1133 1121 ‚
1193 1051 1414 1106 tantus
1464 1036 1742 1106 Attalica
1797 1052 2014 1123 veste,
2075 1038 2312 1109 tabulis
2357 1043 2585 1135 pictis,

476 1158 839 1237 caeteroque
866 1128 1239 1236 choragio⁵⁴
1263 1143 1418 1227 fuit,
1453 1144 1615 1211 utin
1646 1142 2086 1213 Tusculanam
2109 1143 2329 1214 villam
2368 1171 2586 1242 repor‘

470 1320 754 1392 drugenum
781 1318 980 1390 pedum
1003 1318 1241 1372 Lucullei
1261 1337 1485 1372 marmo-

468 1402 543 1453 ris
594 1402 647 1452 in
698 1400 832 1452 atrio
880 1398 1061 1451 Scauri
1120 1397 1404 1463 collocari,
1452 1422 1475 1445 n

470 1480 741 1532 translatas
760 1498 789 1531 e
812 1494 967 1531 scena
994 1477 1205 1529 scilicet.
1242 1478 1483 1547 Denique

468 1577 631 1629 quum
656 1576 805 1610 scena
827 1556 1019 1626 triplex
1046 1555 1326 1621 exstiterit,
1354 1556 1483 1608 ima-

469 1657 572 1710 que
590 1637 791 1690 dicatur
807 1654 837 1687 e
859 1652 1149 1699 marmore,
1168 1652 1199 1685 e
1218 1634 1356 1686 vitro
1380 1653 1485 1687 me-

468 1715 581 1783 dia,
596 1735 711 1789 quae
730 1733 946 1768 summae
962 1712 1180 1765 materia
1199 1713 1377 1779 fuerit,
1389 1732 1485 1767 cur

468 1816 579 1849 non
606 1797 748 1849 illico
778 1794 1013 1864 aperitur
1030 1798 1053 1843 i*
1080 1792 1264 1845 Hsan.

554 1882 645 1945 49.
676 1874 744 1925 Ut
764 1873 987 1924 diximus.
1020 1872 1149 1941 Cap.
1182 1888 1231 1922 2.
1259 1870 1440 1925 Hsan.

552 1954 639 2008 50.
679 1955 811 2005 Imoe.
843 1952 976 2014 Quae
1017 1963 1071 2002 et
1108 1950 1378 2015 maxima,
1421 1962 1485 2003 ut

470 2034 647 2103 operis
676 2043 729 2084 et
754 2030 1111 2084 architectura
1141 2030 1277 2081 ratio
1306 2041 1487 2100 postu·

470 2113 557 2166 lat.
588 2112 767 2177 Hann.

552 2188 643 2243 51.
680 2189 1015 2241 Indicavimus.
1055 2185 1177 2239 Lib.
1220 2186 1483 2253 XXXIV,

470 2289 584 2341 cap.
614 2288 703 2339 17.
726 2270 908 2321 Har-n.

552 2348 645 2403 52.
679 2347 1031 2418 Amphitheatri
1062 2334 1159 2414 (sic
1178 2342 1361 2415 prius).
1379 2345 1486 2397 Ta-

469 2430 633 2492 citus,
666 2429 763 2481 lib.
804 2428 959 2488 XIV,
1002 2424 1281 2499 theatrum·
1306 2422 1435 2476 dicit
1468 2444 1480 2474 ε

478 2534 500 2556 ι
523 2508 768 2579 Quippe,
804 2505 1009 2577 inquit,
1052 2516 1224 2567 erant,
1256 2505 1348 2573 qui
1382 2504 1483 2558 Cn.

470 2606 680 2658 quoque
702 2580 1013 2655 Pompeium
1034 2583 1330 2637 incusatum
1356 2602 1387 2635 a
1404 2601 1486 2635 se-

469 2666 709 2719 nioribus
746 2665 974 2725 ferrent,
1004 2661 1148 2734 quod
1186 2680 1483 2716 mansuram

471 2744 661 2798 theatri
681 2742 857 2797 sedem
878 2744 1151 2814 posuisset.
1180 2738 1313 2794 Nam
1334 2754 1487 2795 antea

471 2824 735 2876 subitariis
776 2822 1052 2895 gradibus,
1103 2832 1157 2873 et
1208 2838 1361 2873 scena
1416 2818 1485 2873 ad

473 2914 678 2974 tempus
696 2916 886 2957 structa
910 2900 1061 2953 ludos
1083 2898 1168 2952 edi
1190 2900 1385 2962 solitos,
1402 2900 1487 2952 vel

472 2982 514 3034 si
561 2984 845 3036 vetustiora
896 2991 1219 3050 repetantur,
1261 2988 1485 3030 stantem

472 3062 733 3131 populum
762 3060 1089 3130 spectavisse.
1126 3083 1148 3104 ι
1189 3057 1485 3110 Theatrum

472 3150 614 3192 certe
630 3177 645 3202 ‚
662 3157 771 3191 non
789 3137 1238 3207 amphitheatrum
1253 3175 1268 3201 ,
1291 3135 1485 3188 molem

471 3214 717 3286 gradibus
730 3216 986 3269 mansuris
1000 3216 1489 3289 perpetuam,Pom-

474 3294 654 3365 peium
709 3292 1017 3360 aedificasse,
1070 3307 1122 3347 et
1179 3292 1489 3347 exhibendis

472 3373 779 3445 spectaculis
815 3372 1047 3442 primum
1074 3372 1290 3435 dicasse,
1316 3392 1375 3427 ac
1404 3372 1487 3425 id-

473 3453 617 3507 circo
667 3451 1048 3522 reprehensum
1084 3465 1485 3523 accusatumque

474 3532 632 3587 fuisse
669 3541 885 3585 narrant
924 3529 1234 3583 Plutarchus
1274 3532 1329 3583 in
1375 3532 1488 3601 ejus

473 3614 607 3677 vita,
646 3611 863 3680 Dionys.
912 3609 1028 3661 Hal.
1074 3609 1169 3661 lib.
1216 3608 1485 3673 XXX1X;

474 3692 814 3745 Marcellinus
830 3689 923 3743 lib.
945 3688 1105 3752 xvh
1127 3687 1485 3741 Tertullianus

472 3771 568 3824 lib.
590 3769 657 3822 de
679 3768 995 3841 Spectaculis
1011 3807 1026 3832 ,
1048 3780 1107 3821 ut
1126 3766 1213 3817 hic
1234 3764 1485 3819 mendum

474 3851 679 3903 subesse
692 3848 973 3920 conjectari
985 3848 1151 3899 liceat.
1166 3844 1481 3898 Gutammn.

557 3928 585 3981 5
598 3930 647 3982 3.
681 3929 1022 3998 Quadraginta
1050 3924 1273 3979 millibus.
1308 3923 1486 3977 Mino-

476 4021 585 4059 rem
614 4005 837 4061 dimidio
864 4005 1171 4077 Pompeiani
1194 4004 1381 4059 theatri
1405 4020 1487 4057 ca·

1567 1337 1718 1373 veam
1759 1318 1917 1373 fuisse
1959 1319 2191 1386 iudicat,
2234 1340 2393 1393 quam
2435 1322 2588 1376 Scau-

1568 1400 1736 1463 riani,
1792 1400 1889 1451 etsi
1951 1402 2152 1471 majore
2214 1413 2323 1456 tum
2386 1402 2584 1454 civium

1568 1489 1820 1543 numero,
1852 1497 2007 1549 quam
2039 1497 2153 1532 aevo
2179 1480 2356 1533 Scauri
2388 1480 2584 1533 fuisset.

1567 1556 1753 1611 -Sic
1781 1556 2002 1611 totidem
2042 1559 2198 1630 plane
2230 1559 2446 1625 litteris,
2474 1558 2586 1631 api·

1567 1636 1822 1707 cibusque
1846 1637 2037 1709 Regius
2061 1659 2089 1689 2
2119 1637 2283 1692 codex
2298 1677 2314 1702 ,
2335 1657 2500 1710 quum
2525 1639 2586 1691 in

1567 1715 1718 1768 libris
1746 1715 1812 1768 ad
1837 1717 1978 1769 hunc
2004 1714 2144 1769 diem
2169 1716 2350 1782 editis,
2370 1718 2588 1788 Pompeii

1569 1796 1933 1865 amphitheatri,
1963 1809 2013 1848 et
2049 1814 2196 1860 mox,
2229 1796 2589 1867 quadringentis

1569 1874 1778 1927 millibus
1820 1876 2052 1944 legatur,
2095 1876 2308 1945 gemino
2358 1894 2537 1929 errore
2570 1894 2584 1927 :

1567 1971 1711 2019 nam,
1725 1968 1784 2006 ut
1799 1971 1824 2004 a
1841 1954 2130 2022 posteriore
2140 1954 2406 2023 incipiam,
2422 1972 2590 2024 quum

1569 2031 1617 2083 ei
1639 2032 1916 2084 consilium
1937 2031 2002 2082 sit
2021 2031 2420 2101 amplitudinem
2445 2033 2589 2085 thea-

1569 2111 1666 2175 tri,
1709 2108 1857 2181 quod
1903 2110 2127 2161 Scaurus
2181 2108 2381 2173 edidit,
2440 2122 2586 2162 tanto

1568 2190 1820 2259 majorem
1867 2186 2145 2241 ostendere
2167 2226 2182 2252 ‚
2225 2206 2382 2259 quam
2429 2187 2591 2240 fuerit

1569 2267 1834 2337 Pompeii,
1861 2268 1959 2320 etsi
1989 2268 2339 2337 multiplicata
2363 2286 2588 2320 numero

1569 2345 1766 2399 civium
1796 2346 1981 2400 Urbe:
2012 2365 2122 2400 non
2149 2348 2320 2418 potuit
2337 2344 2592 2417 quadrin-

1571 2439 1724 2496 genta
1753 2425 1917 2479 millia
1951 2424 2334 2497 Pompeianum
2373 2444 2591 2498 capere,

1570 2506 1614 2558 si
1652 2506 1751 2557 fuit
1790 2505 1923 2557 illud
1954 2506 2174 2559 alterum
2210 2524 2350 2559 Lxxx
2385 2518 2592 2558 tantum

1571 2583 1796 2637 millium
1837 2602 2016 2654 capax.
2050 2583 2210 2647 Quod
2255 2582 2323 2636 ad
2365 2584 2590 2637 alterum

1569 2663 1754 2715 attinet
1780 2701 1795 2727 ,
1846 2662 2157 2733 Pompeiani
2204 2675 2343 2715 certe
2401 2661 2592 2713 theatri

1571 2736 1736 2814 (quod
1755 2754 1806 2794 et
1819 2760 1880 2795 ex
1897 2761 1994 2794 suo
2013 2741 2299 2812 exemplari
2317 2740 2592 2793 Pintianus

1571 2820 1706 2873 vidit
1751 2820 1910 2873 scribi
1957 2821 2062 2873 hoc
2103 2820 2223 2873 loeo
2265 2810 2587 2890 oportere),

1571 2900 1860 2953 meminere
1907 2918 2090 2953 omues
2125 2918 2140 2951 :
2185 2898 2586 2971 amphitheatri,

1571 2997 1749 3032 nem0.
1764 2979 2036 3044 P.Victor,
2055 2978 2110 3031 in
2129 2978 2376 3050 descript.
2391 2980 2590 3041 Romoe,

1575 3058 1790 3128 regione
1829 3070 2009 3111 octava
2025 3100 2040 3121 ,
2071 3059 2332 3110 Theatrum
2356 3059 2588 3127 Pompeii.

1571 3136 1820 3201 Tacitus,
1844 3135 1938 3189 lib.
1971 3137 2104 3189 XIV
2131 3138 2315 3190 Annal.
2343 3132 2442 3199 (cf.
2475 3147 2581 3187 not.

1572 3204 1852 3285 superior.)
1866 3215 2162 3268 Theatrum
2179 3214 2458 3287 hemicycli
2475 3232 2588 3284 spe-

1572 3293 1650 3346 cie
1673 3304 2032 3347 constructum
2053 3294 2154 3347 fuit
2175 3314 2188 3346 ε
2217 3292 2588 3367 amphitheatri

1573 3374 1742 3425 forma
1771 3369 2001 3427 rotunda
2017 3410 2034 3437 ,
2052 3386 2105 3425 et
2124 3374 2282 3428 veluti
2304 3394 2364 3427 ex
2387 3372 2592 3425 duobus

1573 3464 1816 3507 constans
1840 3452 2054 3505 theatris
2079 3473 2090 3503 =
2123 3452 2266 3506 unde
2293 3464 2346 3507 et
2369 3468 2588 3505 nomen.

1573 3532 1755 3584 Hanc.

1657 3610 1747 3674 54.
1793 3610 2056 3681 Char-agio.
2097 3611 2374 3682 Apparatu
2403 3625 2589 3661 scente.

1572 3690 1812 3761 Χοράγιον
1866 3690 2130 3742 scenicum
2185 3690 2590 3741 instrumentum

1572 3781 1795 3833 vocant,
1837 3786 1944 3839 quo
1995 3786 2147 3823 scena
2193 3765 2486 3829 instruitur,
2538 3778 2592 3817 et

1573 3860 1872 3917 apparatur.
1929 3848 2133 3901 Dicitur
2189 3844 2348 3897 etiam
2403 3843 2593 3896 chora-

1571 3925 1716 3995 gium
1745 3926 1970 3992 funeris,
1993 3944 2091 3997 pro
2127 3922 2334 3975 funebri
2364 3938 2592 3993 apparu·

1575 4016 1652 4057 tu.
1683 4005 1862 4057 Haut).
