2975 4684
470 320 609 416 296
1006 329 1082 395 C.
1135 329 1463 403 PLINII
1515 337 1722 404 NAT.
1779 341 2036 408 Hls‘r.
2117 405 2142 417 ,

468 454 740 524 Caes‘aris
784 459 1003 549 patris.
1041 459 1223 529 Idem
1256 465 1323 533 in
1353 468 1554 536 Curia
1579 493 1874 563 quoque,
1909 495 2106 564 quam
2145 459 2248 538 in⁴
2283 471 2568 542 Comitio

465 559 921 648 consecrabat,
962 562 1123 634 duas
1145 567 1397 639 tabulas
1424 572 1753 666 impressit
1777 577 2009 668 parieti
2038 577 2392 644 :Nemeam
2408 563 2430 601 ⁵
2461 601 2562 644 se-

464 663 727 732 dentem
768 689 967 761 supra
1006 667 1294 760 leonem,
1330 675 1754 770 palmigeram
1792 681 1999 774 ipsam
2023 731 2042 764 ,
2083 681 2378 750 adstante
2407 705 2560 750 cum

464 767 725 837 baculo·
750 793 933 856 sene,
983 774 1170 867 cujus
1215 803 1413 873 supra
1466 798 1667 876 caput
1725 783 1946 853 tabula
1999 786 2168 879 bigae
2217 784 2566 880 dependet.

464 860 725 944 Nicia-3⁶
772 871 1033 970 scripsit
1072 903 1141 948 se
1177 883 1521 954 inussisse⁷
1556 915 1571 955 :
1621 887 1732 956 tali
1781 891 1953 958 enim
1999 915 2156 959 usus
2195 905 2296 959 est
2335 889 2562 958 verbo.

464 978 748 1050 Alterius
790 981 1027 1052 tabulae
1066 986 1408 1058 admiratio
1440 1006 1575 1080 est,
1617 994 1932 1085 puberem
1975 993 2182 1064 filium
2221 996 2358 1065 seni
2398 995 2568 1088 patri

464 1083 738 1152 similem
768 1109 946 1172 esse,
974 1088 1153 1158 salva
1186 1097 1391 1163 aetatis
1418 1096 1823 1182 differentia,
1863 1099 2324 1193 supervolante
2355 1096 2568 1193 aquila

466 1185 817 1258 draconem
864 1194 1223 1286 complexa.
1278 1190 1740 1278 Philochares⁸
1784 1203 1918 1272 hoc
1967 1229 2158 1273 suum
2216 1229 2384 1298 opus
2430 1227 2568 1273 esse

464 1305 737 1362 testatus
786 1310 936 1364 est:
988 1300 1338 1382 immensa,
1392 1305 1496 1374 vel
1542 1331 1742 1376 unam
1789 1311 1841 1376 si
1899 1312 2046 1403 quis
2089 1322 2339 1377 tantum
2396 1309 2568 1376 hanc

464 1396 751 1466 tabulam
784 1402 1088 1488 aestimet,
1127 1411 1418 1498 potentia
1450 1413 1608 1480 artis
1630 1465 1649 1498 ‚
1682 1438 1885 1506 quum
1925 1427 2197 1508 propter
2231 1411 2568 1482 Philocha-

464 1523 642 1589 rem‚
682 1504 1183 1596 ignobilissimos
1238 1511 1477 1607 alioqui
1541 1514 2018 1586 Glaucionem⁹
2059 1519 2392 1611 filiumque
2430 1519 2568 1608 ejus

462 1608 867 1702 Aristippum
890 1663 909 1696 ,
976 1629 1236 1683 senatus
1301 1619 1717 1714 populusque
1784 1647 2095 1692 romanus
2163 1637 2262 1692 tot
2323 1622 2568 1691 saeculis

462 1726 736 1804 spectet.
771 1715 995 1784 Posuit
1035 1733 1101 1786 et
1133 1722 1433 1792 Tiberius
1478 1729 1700 1794 Caesar
1729 1729 1995 1797 minime
2041 1731 2249 1797 comis
2292 1729 2567 1822 impera-

464 1829 593 1901 tor,
612 1817 683 1884 in
710 1820 956 1912 templo
988 1824 1187 1916 ipsius
1226 1829 1537 1922 Augusti,
1574 1855 1734 1923 quas
1762 1857 1912 1900 mox
1941 1833 2370 1906 indicabimus
2398 1831 2462 1898 ¹⁰.

570 1923 687 1988 XI.
704 1915 823 2007 (v.)
842 1927 1169 1998 Hactenus
1192 1929 1440 2001 dictum
1475 1936 1557 2003 sit
1583 1935 1664 2002 de
1693 1937 2004 2030 dignitate
2029 1939 2186 2005 artis
2209 1938 2566 2004 morientis.

466 2023 725 2110 Quibus
789 2027 1119 2101 coloribus
1175 2036 1477 2130 singulis¹
1536 2043 1730 2132 primi
1792 2041 2179 2135 pinxissent,
2236 2041 2518 2108 diximus
2547 2091 2566 2124 ,

465 2150 669 2220 quum
716 2129 797 2199 de
837 2133 1187 2228 pigmentis
1230 2141 1637 2214 traderemus
1683 2146 1749 2212 in
1796 2143 2093 2214 metallis.
2151 2147 2288 2235 Qui
2347 2168 2569 2212 mono-

548 2281 599 2340 4.
620 2277 681 2329 In
714 2278 934 2332 Comitio.
960 2281 1267 2353 Comitium,
1295 2287 1473 2359 inquit

466 2355 721 2408 Asconius
758 2357 815 2408 in
853 2359 938 2410 111
976 2373 1161 2416 contra
1204 2365 1425 2419 Verrem
1452 2406 1467 2431 ,

464 2433 611 2484 locus
628 2445 707 2486 est
724 2451 895 2506 prope
910 2451 1148 2494 senatum
1160 2481 1175 2506 ‚
1197 2461 1305 2512 quo
1329 2447 1472 2499 coire

465 2511 733 2580 equitibus
758 2525 811 2564 et
828 2518 1032 2587 populo
1052 2537 1187 2576 rom.
1210 2521 1347 2578 licet.
1368 2524 1435 2577 Η.

549 2585 601 2641 ὅ.
646 2590 887 2647 Nemeam.
937 2599 1109 2666 Νεμέα
1148 2600 1277 2654 silva
1318 2603 1471 2655 Pelo-

462 2667 685 2736 ponnesi
714 2670 841 2738 fnit,
868 2673 923 2725 in
964 2693 1069 2746 qua
1094 2677 1302 2732 leonem
1337 2683 1472 2734 Her-

466 2744 605 2798 cules
622 2745 884 2804 interfecit
894 2769 907 2804 :
918 2753 1061 2807 unde
1070 2757 1313 2812 Nemea-,a
1330 2779 1473 2813 sacra

464 2835 646 2894 postea
684 2827 963 2885 celebrata.
1005 2833 1081 2886 Ut
1118 2852 1281 2905 porro
1316 2840 1474 2892 urbes

464 2901 601 2972 ipsas
620 2922 680 2956 ac
696 2907 933 2978 regiones
944 2951 957 2974 ‚
979 2912 1055 2964 sic
1072 2915 1313 2968 muliebri
1334 2928 1471 2970 statu

464 2979 752 3054 habituque
788 2987 942 3040 silvas
980 2992 1180 3063 antiqui
1218 2994 1466 3064 pinxere,

465 3075 589 3110 cum
631 3061 820 3133 insigni
870 3067 1049 3138 aliquo
1088 3088 1103 3123 :
1146 3083 1203 3123 ut
1244 3075 1473 3144 exempli

462 3136 651 3204 gratis,
695 3141 947 3198 Nemeam
997 3166 1118 3200 cum
1166 3151 1369 3220 palma,
1412 3171 1473 3205 ac

460 3213 633 3267 leone.
660 3217 860 3273 Pictam
878 3225 945 3274 ab
964 3225 1347 3300 Aristophonte
1372 3231 1474 3284 Ne-

464 3308 663 3357 meam,
702 3314 819 3367 quae
863 3302 1183 3358 Alcibiadem
1232 3308 1288 3360 in
1330 3327 1473 3362 com·

462 3369 620 3440 plexu
631 3391 725 3426 suo
734 3383 1194 3449 teneret,prodidit
1204 3387 1471 3442 Plutarch.

462 3447 521 3500 in
544 3450 843 3520 Alcibiade,
862 3476 978 3527 pag.
1016 3479 1037 3512 ι
1051 3481 1143 3531 99.
1174 3464 1351 3518 Ilum.

544 3529 598 3581 6.
642 3531 828 3584 Nicias.
882 3535 1061 3590 Pictor
1102 3541 1471 3610 Atheniensis,

465 3604 533 3659 de
552 3612 664 3678 'quo
691 3610 934 3679 inferius,
959 3633 1004 3667 c.
1036 3623 1121 3679 40.
1151 3619 1333 3673 Ilum.

544 3705 597 3756 7.
612 3689 857 3745 lacessisse.
878 3693 995 3748 Hoc
1014 3711 1109 3761 est,
1128 3698 1356 3768 pinxisse
1378 3721 1471 3754 en-

462 3767 682 3820 caustica
720 3771 949 3838 ratione,
992 3771 1060 3825 de
1099 3795 1201 3847 qua
1237 3776 1473 3834 dicemus

462 3841 597 3896 infin
629 3864 741 3918 cap.
784 3847 875 3917 39.
920 3853 1190 3926 Inscripsit
1229 3857 1271 3908 is
1314 3857 1473 3926 igitur

463 3922 683 3986 gemina
710 3927 835 3980 huic
858 3932 1053 3985 tabula
1090 3952 1240 3988 suum
1277 3955 1471 3990 nomen

1555 2291 1612 2342 in
1638 2291 1782 2344 hunc
1806 2289 2027 2344 modum
2056 2311 2070 2344 :
2097 2299 2142 2345 Ο
2166 2293 2397 2346 mmm
2419 2297 2572 2344 ERE-

1557 2375 1832 2424 ΚΑΥΣΕΝ.
1861 2373 2036 2442 Atque
2053 2370 2184 2424 adeo
2207 2390 2236 2423 e
2252 2371 2424 2423 tribus
2443 2387 2571 2440 ope·

1555 2451 1724 2514 ribus,
1745 2467 1862 2519 qua
1884 2450 2120 2503 absolute
2132 2449 2290 2502 fuisse
2303 2448 2570 2520 inscripta,

1560 2547 1686 2581 uu:
1729 2547 1906 2596 rnen,
1939 2528 2189 2582 indicavit
2229 2528 2463 2599 prefatio
2502 2526 2570 2580 ad

1557 2607 1742 2660 Titum
1761 2643 1777 2671 ,
1808 2604 1916 2659 duo
1941 2607 2055 2660 haec
2079 2619 2202 2661 sunt
2228 2605 2394 2658 Niciae
2420 2625 2434 2658 :
2462 2618 2568 2659 ter-

1558 2686 1692 2738 tium
1739 2685 1987 2758 Lysippi,
2036 2685 2103 2739 de
2153 2704 2260 2757 quo
2312 2685 2532 2738 inferius
2551 2723 2569 2750 ,

1558 2782 1674 2834 cap.
1709 2763 1798 2832 39.
1831 2765 2008 2817 nanu.

1640 2846 1693 2897 8.
1730 2843 2055 2897 Philoclem-es.
2073 2843 2357 2912 Φιλοχάρης.
2379 2841 2446 2894 H.

1640 2941 1694 2990 9.
1743 2920 2070 2974 Glaucionem.
2112 2921 2284 2975 Pictos
2315 2921 2372 2972 in
2409 2939 2466 2972 es
2494 2931 2573 2972 ta-

1547 2999 1686 3052 'bula
1699 3017 1712 3050 τ
1725 2998 1970 3053 homines
1985 3000 2270 3071 caeteroqui
2285 2999 2538 3068 ignobiles
2551 3016 2564 3050 :

1557 3093 1786 3147 quorum
1827 3077 1939 3129 laus
1981 3091 2087 3130 tota
2125 3077 2192 3131 ab
2231 3093 2289 3129 ea
2329 3077 2536 3148 pictum
2553 3115 2570 3139 ,

1557 3153 2049 3226 commendatioque
2066 3155 2276 3226 petitur.
2296 3156 2436 3209 Cave
2451 3155 2571 3208 Asi-

1555 3233 1785 3304 stippum
1797 3235 2058 3286 existimes
2064 3233 2438 3304 philosophum
2447 3252 2566 3287 eum

1558 3313 1876 3382 Cyrenaeum
1899 3331 2008 3365 esse
2021 3351 2037 3376 ,
2057 3315 2207 3382 cujus
2227 3315 2390 3366 vitam
2416 3313 2570 3365 Laer—

1557 3392 1658 3443 tius
1685 3389 1960 3454 describit,
1981 3391 2062 3452 11,
2097 3397 2165 3459 49
2187 3431 2202 3456 ‚
2227 3409 2392 3462 quum
2413 3391 2570 3462 hujus

1554 3480 1757 3540 patrem
1780 3468 1968 3522 Suidas
1992 3461 2239 3538 Αριτάδην
2272 3483 2434 3524 vocet.
2459 3471 2528 3523 Η.

1641 3566 1723 3600 10.
1741 3549 1877 3617 Quas
1885 3567 1993 3600 mox
2005 3549 2332 3601 tndioabimus.
2351 3549 2481 3618 Cap.
2499 3555 2572 3611 40

1555 3629 1666 3694 huj.
1696 3626 1791 3679 lib.
1815 3627 1995 3680 Hnm.

1639 3706 1734 3756 XI.
1776 3723 1826 3756 ῐ.
1863 3707 2052 3776 Quibus
2083 3705 2320 3756 coloribus
2344 3703 2565 3772 siugulis.

1560 3783 1864 3847 Cinnabari,
1883 3784 2048 3837 minio
2061 3783 2314 3854 Ephesio,
2335 3780 2568 3845 rubrica,

1559 3861 1829 3933 sinopide,
1857 3875 1916 3914 ut
1936 3861 2136 3916 dictum
2163 3872 2265 3924 est,
2301 3857 2564 3921 XXXIII,

1564 3941 1653 4010 39.
1680 3941 1855 3993 Eum.
