2975 4684
461 362 590 483 132
998 412 1078 481 c,
1127 398 1456 480 PL'mu
1506 407 1717 478 NAT.
1770 409 2022 478 HIST.

450 546 811 619 candidius.
849 547 1066 614 Pretia
1105 547 1281 640 ejus,
1323 571 1386 612 x.
1423 567 1494 614 x.
1542 545 1609 612 in
1651 529 1921 628 libras⁸3
1956 539 2258 631 caerulei,
2298 567 2363 614 x.
2416 551 2567 618 vm.

383 674 414 710 ²
451 654 630 722 Usus
666 654 730 720 in
769 649 1024 738 creta9,
1057 650 1252 722 calcis
1289 651 1654 745 impatiens
1692 651 1924 743 Nuper
1955 651 2226 718 accessit
2250 665 2317 718 et
2338 652 2570 721 Vesto-

449 760 706 827 rianum
729 755 778 782 ¹⁰
813 757 898 825 ab
927 771 1197 827 auctore
1220 755 1643 852 appellatum.
1681 757 1786 824 Fit
1808 779 1887 824 ex
1911 755 2198 850 AEgyptii
2238 753 2568 828 levissima

447 877 636 956 parte
670 887 686 929 :
723 865 1009 956 pretium
1056 862 1199 956 ejus
1239 888 1330 931 x.·
1353 887 1420 932 x.
1461 863 1531 930 in
1574 859 1849 930 libras¹¹.
1886 860 2073 929 Idem
2116 875 2184 930 et
2224 861 2567 932 Puteolani

447 990 640 1053 usuS‚
661 981 1028 1062 praeterque
1043 968 1130 1037 ad
1148 968 1506 1037 fenestras·
1536 981 1783 1037 vocant
1809 964 2075 1036 coelon¹²
2081 969 2277 1037 ,Non
2309 968 2563 1062 pridem

446 1075 797 1205 apportari
825 1089 912 1142 et
928 1074 1230 1143 Indicum
1276 1087 1376 1142 est
1407 1087 1737 1194 coeptum,
1772 1073 1960 1210 cujlus
1996 1072 2279 1166 pretium
2318 1099 2387 1142 x.
2427 1099 2565 1144 vm

445 1179 518 1246 in
540 1165 797 1249 libras¹³
804 1181 1072 1249 ,Ratio
1054 1205 1122 1248 m
1149 1181 1406 1274 pictura
1430 1179 1557 1248 ad
1540 1177 1893 1249 incisuras¹
1927 1232 1947 1266 ,
1898 1165 2107 1249 ⁴hoc
2130 1192 2262 1264 est,
2294 1181 2565 1250 umbras

445 1282 833 1354 dividendas
875 1285 960 1355 ab
985 1284 1264 1355 lumine.
1307 1287 1427 1355 Est
1469 1299 1537 1354 et
1577 1284 1960 1354 vilissimum
2004 1309 2211 1378 genus
2255 1283 2564 1372 lomenti,

447 1368 716 1512 quidam
739 1392 971 1462 t'ritum
993 1405 1271 1479 vocant,
1305 1392 1525 1484 quinis
1554 1391 1805 1461 assibus
1840 1391 2253 1460 aestimatum.
2286 1391 2564 1462 Caerulei

446 1497 686 1566 sinceri
716 1499 1238 1630 experimentum
1273 1498 1342 1566 in
1379 1498 1699 1583 carbone,
1734 1512 1811 1566 ut
1832 1495 2115 1592 flagret.
2154 1496 2367 1581 frauS,
2390 1496 2560 1568 viola

447 1601 632 1671 arida
671 1589 1010 1674 decocta¹⁵
1047 1607 1118 1672 in
1164 1627 1369 1698 aqua,
1411 1609 1740 1697 succoque
1778 1627 1897 1698 per
1934 1601 2208 1673 linteum
2253 1628 2562 1699 expresso

529 1753 586 1804 8.
607 1750 778 1802 Pretio
814 1753 948 1821 qus,
985 1749 1064 1802 X.
1093 1749 1168 1801 X.
1209 1753 1262 1800 in
1295 1749 1462 1803 libras.
1552 1749 1784 1803 Vestorii
1811 1749 2028 1803 officina
2051 1769 2247 1804 nomen
2266 1751 2467 1806 fictum.
2496 1759 2565 1811 Η.

449 1827 569 1886 Hoc
591 1839 696 1893 est,
731 1825 936 1882 denarii
969 1825 1172 1880 deeem.
1201 1826 1358 1880 Prius
1385 1828 1463 1881 le·
1637 1844 1660 1879 1
1676 1845 1724 1880 1.
1746 1827 1961 1880 Pretium
1989 1833 2091 1899 ejus
2108 1830 2186 1882 Χ.
2213 1831 2288 1901 X.
2325 1835 2377 1882 ιἰι
2397 1833 2563 1887 libs-as.

451 1908 696 1977 gebatur,
756 1931 779 1953 ·
809 1905 984 1958 Pretia
1019 1908 1131 1975 ejus
1173 1905 1362 1973 xxm
1413 1904 1468 1957 in

451 1987 652 2038 libras:
697 1984 906 2037 caerulei
945 1984 1166 2048 XVIII,
1191 2007 1212 2030 ιι
1255 2001 1355 2054 pro
1385 1983 1461 2036 X.

455 2065 612 2128 VIII,
640 2063 743 2115 hoe
767 2077 871 2129 est,
889 2061 1120 2116 denariis
1141 2075 1282 2114 octo.
1300 2063 1368 2114 H.
1390 2089 1467 2105 --

1549 1906 1807 1959 Denarius
1838 1925 1975 1960 unns
2010 1908 2067 1959 in
2110 1907 2309 1962 libras:
2341 1925 2565 1965 moneta

1547 1984 1745 2055 gallico
1788 2003 1921 2038 asses
1966 1997 2106 2038 oeto.
2144 1987 2295 2039 Prius
2338 1989 2453 2059 typi
2488 1991 2565 2045 sie

1549 2061 1775 2116 edebant
1793 2103 1809 2129 ,
1837 2063 1945 2115 LX
1965 2068 2015 2115 in
2038 2064 2202 2118 libras.
2228 2065 2405 2118 Hann.

453 2145 532 2197 X.
551 2143 626 2196 X.
651 2101 890 2195 antibo-ai.
909 2143 1059 2195 Brot.
1085 2140 1161 2193 X.
1185 2141 1291 2204 XI,
1315 2138 1470 2195 dena-

454 2223 522 2276 rii
555 2220 835 2286 undecim,
861 2221 987 2300 qui
980 2234 1103 2273 sunt
1122 2233 1346 2273 monete
1364 2219 1472 2290 gal-

455 2303 572 2356 lica
600 2303 754 2356 libra
787 2303 844 2368 8,
869 2293 990 2354 cuni
1020 2299 1222 2353 assibus
1251 2315 1342 2352 11.
1367 2301 1468 2352 En.

539 2401 594 2452 9.
631 2383 756 2435 Usus
778 2385 828 2432 in
848 2393 1004 2441 cteta,
1035 2380 1182 2431 calcis
1202 2381 1468 2448 impatiens.

457 2463 708 2515 Tectorio
747 2479 777 2513 e
803 2471 974 2523 creta,
1004 2475 1114 2510 non
1153 2459 1279 2510 item
1315 2476 1344 2511 e
1367 2459 1475 2511 eal-

457 2559 544 2603 ce,
574 2538 861 2593 ceruleum
905 2535 1185 2590 commode
1232 2536 1472 2592 illinitur.

457 2619 636 2674 Haan.
995 2633 1024 2658 ⁸

545 2719 630 2752 10.
675 2699 1027 2750 Veston'anum.
1062 2698 1144 2750 Ita
1165 2697 1293 2768 Reg.
1330 2715 1358 2749 a
1386 2737 1401 2763 ‚
1422 2709 1476 2750 et

459 2779 568 2832 alii.
607 2778 761 2832 Prius
807 2777 1147 2831 Nestor-ianam
1183 2777 1472 2848 legebatur.

423 2861 532 2913 ‚At
581 2859 794 2914 Vitruv-
825 2857 972 2922 vn,
1023 2875 1111 2920 11,
1151 2875 1270 2928 pag.
1327 2863 1471 2921 144ε

467 2965 490 2986 ι
526 2937 753 2994 cerulei
794 2937 1204 3006 temperationes
1254 2936 1474 2988 Alexan·

461 3017 838 3091 driaeprimum
857 3029 978 3070 sunt
998 3017 1226 3069 invente
1253 3035 1266 3066 ι
1295 3029 1476 3086 postea

461 3096 600 3150 idem
645 3094 919 3149 Vestorius
966 3095 1201 3149 Puteolis
1249 3095 1476 3148 instituit

461 3174 780 3230 faciendum.
807 3201 830 3222 ι
861 3173 1096 3228 Inidorus
1129 3175 1257 3228 item
1291 3174 1473 3245 Origg.

461 3256 627 3320 xlx,
665 3271 732 3324 17
773 3273 786 3306 ε
838 3275 860 3297 ι
878 3255 1146 3308 venetum
1193 3255 1474 3307 caeruleum

461 3349 761 3404 temperare
783 3333 1018 3404 primum
1043 3333 1364 3387 Alexandria
1391 3351 1476 3386 re-

461 3413 618 3488 perit.
661 3414 727 3465 In
767 3412 916 3466 ltalia
955 3431 1016 3466 ex
1049 3431 1218 3467 arena
1255 3413 1476 3484 pulvere

461 3508 517 3550 et
555 3492 682 3547 nitri
711 3490 842 3544 flore
868 3490 1012 3544 idem
1047 3491 1262 3546 faciunt.
1295 3491 1401 3546 Sed
1432 3493 1476 3546 si

463 3573 723 3645 Cyprium
753 3572 808 3622 in
845 3572 1059 3624 fornace
1083 3569 1327 3624 adustum
1351 3571 1476 3624 huic

461 3650 799 3728 permixtioni
834 3649 1029 3714 addes,
1063 3649 1364 3704 vestoriani
1407 3651 1476 3703 si·

460 3731 710 3788 militudo
757 3729 916 3782 erit.»
963 3729 1266 3782 Vestorium
1319 3747 1474 3782 suum

459 3813 649 3868 Cicero
689 3829 800 3864 non
841 3809 1003 3862 semel
1034 3821 1191 3862 vocat
1217 3807 1287 3862 ad
1317 3809 1472 3863 Attie.

457 3895 554 3950 tv,
592 3891 747 3962 epist.
779 3905 919 3953 xnt,
955 3901 1009 3942 et
1041 3907 1168 3953 xvr;
1196 3900 1250 3941 et
1277 3889 1392 3953 vl,
1421 3907 1470 3942 a.

453 3969 614 4042 Apud
635 3970 848 4024 Gruter.
879 3969 936 4022 in
961 3969 1126 4022 Inscr.
1153 3986 1274 4040 pag.
1307 3969 1462 4032 245.

453 4069 604 4105 πονε
627 4053 1006 4106 mroaunvs.
1042 4047 1202 4102 Haud
1239 4047 1401 4103 dubie
1431 4065 1462 4101 a

1637 2159 1725 2195 12.
1753 2142 1941 2194 Vocant
1968 2144 2133 2196 coelon.
2164 2144 2317 2197 MSS.
2353 2147 2477 2216 Reg.
2511 2165 2564 2211 a,

1549 2219 1669 2284 alii,
1693 2222 1851 2293 cyllon
1870 2235 2063 2274 vocant.
2083 2224 2265 2278 Hsan.
2286 2257 2361 2266 —
2375 2225 2565 2280 Coeton.

1550 2301 1697 2354 Brot.
1722 2300 1991 2368 emendat,
2010 2321 2211 2374 qramm.
2238 2304 2343 2356 En.

1640 2381 1727 2434 13.
1760 2381 1975 2433 Pretium
2009 2381 2085 2434 Χ.
2134 2384 2272 2436 VIII
2308 2389 2357 2434 in
2398 2383 2564 2438 abr-as.

1553 2459 1770 2512 Denarii
1800 2473 1942 2526 octo,
1964 2475 2187 2514 moneto
2209 2474 2399 2516 nostrai
2416 2463 2566 2522 libro

1556 2539 1612 2602 6,
1637 2551 1757 2590 cum
1792 2546 1823 2603 4
1847 2540 2063 2592 assibus.
2088 2543 2191 2594 En.

1641 2625 1728 2682 14.
1776 2619 1869 2671 Ad
1898 2623 2149 2675 incisuras.
2184 2621 2564 2677 commissuras

1554 2695 1669 2766 ipse
1696 2699 1923 2770 appellat
1946 2740 1961 2765 ,
1995 2699 2227 2765 XXXV,
2262 2719 2353 2768 1«,
2382 2702 2478 2755 ubi
2500 2701 2565 2757 de

1554 2775 1777 2846 picturae
1830 2791 1939 2832 arte
1968 2797 1983 2830 ε
2036 2805 2059 2828 ι
2087 2778 2327 2834 Tandem
2378 2799 2434 2834 se
2484 2799 2566 2836 ars

1555 2855 1665 2926 ipsa
1709 2854 1978 2923 distinxit,
2034 2871 2086 2912 et
2128 2860 2331 2913 invenit
2386 2860 2565 2915 lumen

1554 2948 1712 3006 atque
1750 2939 1961 2992 umbras
1992 2939 2292 2993 differentia
2326 2940 2565 2994 colorum

1554 3014 1754 3068 alterna
1780 3016 1896 3070 vice
1917 3035 2027 3070 sese
2053 3019 2328 3074 excitante.
2363 3017 2567 3072 Deinde

1554 3093 1789 3164 adjectus
1843 3109 1921 3149 est
1968 3097 2252 3168 splendor,
2300 3097 2435 3152 alius
2480 3099 2589 3176 hic·

1556 3188 1714 3243 quam
1765 3174 1975 3238 lumem
2032 3195 2191 3246 quem
2253 3177 2377 3248 quia
2431 3178 2568 3231 inter

1555 3252 1665 3305 hoc
1691 3265 1745 3306 et
1771 3253 2015 3306 umbram
2046 3268 2204 3320 esset,
2235 3257 2568 3328 appellavere

1556 3343 1723 3384 tonon
1758 3351 1784 3388 .:
1844 3333 2209 3388 commissuras
2251 3355 2376 3389 vero
2427 3337 2571 3389 eolo·

1556 3429 1675 3463 rum
1731 3425 1786 3465 et
1847 3413 2130 3478 transitus,
2188 3414 2493 3487 harmogen.
2533 3441 2556 3462 ι

1558 3488 1706 3555 Quid
1729 3491 1869 3544 enim
1896 3492 2235 3546 commissura
2253 3508 2306 3548 et
2326 3497 2573 3548 transitus

1556 3571 1831 3636 colorum,
1862 3575 2019 3643 quam
2046 3571 2263 3626 luminis
2284 3587 2335 3627 et
2346 3575 2569 3636 umbro,

1556 3668 1675 3721 quo
1716 3668 1779 3703 ex
1818 3652 2073 3704 varietate
2116 3650 2363 3706 'colorum
2398 3653 2535 3706 finnt
2555 3693 2571 3716 ,

1557 3727 1788 3784 divisio?
1816 3729 1879 3783 Id
1922 3732 2015 3801 qni
2059 3750 2124 3784 ex
2165 3744 2277 3786 arte
2306 3732 2568 3798 efficiunt,

1555 3808 1701 3880 apud
1725 3828 1824 3862 nos
1848 3808 2126 3874 dicuntur,
2158 3811 2383 3864 armndtr
2405 3831 2496 3864 «ωε
2507 3811 2575 3880 fi·

1552 3907 1694 3981 gut-e,
1717 3889 1788 3942 lui
1806 3889 2071 3943 ᾰοηιιονᾰιι
2096 3889 2574 3984 reliesparlemoyen

1554 3967 1685 4020 des'
1654 3989 1793 4038 Jours
1814 3981 1862 4021 et
1891 3969 1973 4022 des
2002 3969 2407 4024 ombm.1hnn.

1639 4066 1660 4101 1
1676 4048 1728 4101 5.
1746 4049 1927 4114 Fraus,
1944 4050 2079 4102 viola
2104 4048 2245 4102 ara'da
2266 4049 2478 4104 decocta.
2497 4049 2575 4102 Ut
