2975 4684
511 356 656 449 668
1054 362 1130 429 c.
1183 360 1520 431 PLINII
1562 362 1779 433 NAT.
1822 361 2133 455 -ms‘n

627 494 775 560 LX.
849 489 1366 611 Heliotropium¹
1439 495 1731 563 nascitur
1794 496 1865 561 in
1933 492 2308 585 AEthiopia,
2378 488 2641 575 Africa,

521 599 746 691 Cypro
767 644 787 681 ,
821 598 1122 725 porracei
1155 596 1392 667 coloris
1408 600 1835 694 ,sanguineis
1851 600 2033 666 venis
2062 596 2392 666 distincta.
2420 598 2645 664 Causa

521 698 841 791 nominis²
849 754 868 788 ,
908 704 1218 795 quoniam
1261 704 1516 797 dejecta
1564 707 1629 773 in
1678 729 1793 773 vas
1836 727 2061 797 aqum,
2117 700 2441 797 fiilgorem
2486 698 2641 769 solis

521 787 824 877 accendit
843 832 960 875 san
1055 810 1205 877 ineo
1225 834 1650 903 repercussu,
1680 811 1960 878 maxime
1980 808 2363 901 AEthiopica.
2389 805 2639 874 Eadem

517 926 704 981 extra
739 936 974 1009 aquam
1043 913 1290 1008 speculi
1317 914 1516 984 modo
1541 914 1744 984 solem
1776 914 2047 1008 accipit,
2078 910 2643 1007 deprehenditque

519 1017 816 1087 defectus
835 1069 854 1103 ,
899 1018 1288 1089 subeuntem
1325 1020 1550 1089 lunam
1584 1020 1956 1091 ostendens.
2004 1007 2399 1113 Magorum⁶
2426 1018 2643 1109 impu·

520 1123 778 1193 dentiae.
813 1122 918 1193 vel
983 1126 1583 1195 manifestissimum
1620 1128 1751 1196 hoc
1796 1123 2058 1220 quo'que
2098 1122 2470 1217 exemplum
2510 1136 2643 1205 est,

523 1230 831 1323 quoniam
883 1229 1172 1299 admixta
1209 1232 1418 1300 herba
1467 1231 1908 1325 heliotropio,
1946 1229 2338 1324 quibusdam
2382 1250 2647 1321 quoque

523 1334 762 1405 additis
800 1337 1460 1465 praecantationibus,
1498 1351 1836 1431 gerentem
1876 1336 2168 1429 conspici
2206 1346 2470 1427 negent.
2510 1335 2644 1401 He·

527 1426 882 1535 phaestitis⁵
943 1466 1208 1535 quoque
1263 1443 1512 1538 speculi
1561 1458 1867 1514 naturam
1928 1441 2131 1509 habet
2178 1442 2246 1509 in
2300 1436 2649 1507 reddendis

527 1546 954 1639 imaginibuS‚
1014 1572 1394 1643 quanquam
1435 1538 1729 1617 rutilans.
1788 1548 2329 1641 Experimentum
2378 1557 2524 1628 est,
2592 1543 2652 1611 si

529 1651 894 1721 ferventem
923 1676 1160 1747 aquam
1199 1654 1418 1723 addita
1448 1656 1675 1723 statim
1710 1654 2096 1747 refrigeret.
2134 1665 2250 1720 aut
2280 1652 2335 1719 si
2369 1652 2436 1718 in
2450 1634 2651 1717 ⁶sole

530 1748 750 1827 addita
791 1757 1040 1827 aridam
1083 1763 1430 1829 materiam
1473 1760 1809 1830 accendat.
1844 1756 2199 1827 Nascitur⁷
2246 1757 2316 1825 in
2359 1758 2646 1848 Coryco.

533 1849 1012 1933 Horminodes⁸
1015 1919 1034 1953 ‚
1067 1890 1147 1934 ex
1177 1881 1570 1961 argumento
1596 1862 1943 1935 viriditatis
1977 1866 2047 1931 in
2082 1861 2363 1932 candida
2392 1883 2655 1957 gemma

529 2011 768 2063 hocloco
783 2008 1102 2082 discrepant.
1123 2014 1251 2083 Reg.
1271 2032 1324 2078 2,
1337 2017 1545 2083 goniem.
1633 2010 1714 2065 dit
1740 2010 2031 2081 sanguineo
2060 1986 2387 2079 repercussu.
2420 2031 2443 2054 ι
2479 2007 2653 2061 Ssm.

533 2089 688 2141 Colb.
731 2091 786 2151 3,
818 2094 1001 2157 gont'm.
1027 2089 1172 2144 Editi
1199 2092 1324 2144 libri
1353 2092 1545 2162 vulgo,
1716 2089 1769 2141 3.
1800 2089 1989 2141 Eadem
2014 2100 2152 2140 atra
2174 2106 2364 2160 aquam-
2391 2084 2658 2151 Isidorus,

528 2170 781 2235 genimen.
809 2166 990 2219 Hntu.
1634 2168 1737 2221 loc.
1766 2169 1861 2221 cit.
1893 2168 2075 2221 Halm.

609 2244 725 2295 Lx.
765 2262 815 2298 ι.
853 2246 1221 2315 Ηείἰοεωρὶιεηι.
1243 2288 1250 2295 .
1271 2248 1318 2299 E
1354 2264 1549 2318 genere
1720 2253 1771 2311 4.
1793 2246 2079 2317 Magorum,
2098 2258 2195 2299 etc.
2224 2244 2464 2310 Solinus,
2488 2242 2661 2298 Isido-

533 2335 613 2377 est
630 2323 772 2377 illius
789 2332 1025 2395 gemme..
1050 2344 1209 2396 quam
1226 2327 1393 2380 nostri
1406 2344 1552 2379 nunc
1628 2338 1762 2391 ',rus
1806 2327 2085 2391 Albertus,
2136 2322 2490 2391 Mat-bodens,
2528 2324 2659 2377 loeis

533 2415 758 2468 vocant,
792 2406 946 2473 prime
973 2404 1293 2460 d's‘meraude.
1335 2406 1553 2461 Solinus
1630 2406 1831 2460 citatis.
1862 2406 2044 2459 ΗΑιιιι.

534 2483 650 2535 hoec
685 2482 909 2536 totidem
949 2484 1151 2548 verbis,
1197 2504 1318 2556 cap.
1365 2500 1553 2551 xxvu,

535 2581 592 2632 p.
637 2561 742 2625 523
773 2560 1034 2627 Isidorus,
1075 2564 1222 2635 Orig.
1258 2566 1355 2619 lib.
1385 2566 1552 2630 XVI,

533 2658 654 2710 cap.
677 2660 730 2711 7.
748 2640 1068 2696 Marbodeus
1081 2681 1097 2707 ,
1115 2642 1182 2697 de
1195 2644 1553 2716 Heliou-opio,

535 2738 652 2791 cap.
677 2739 836 2773 xxxiv
872 2742 885 2772 :
939 2748 959 2769 ο
999 2722 1151 2775 Hanc
1171 2743 1316 2778 nunc
1345 2725 1552 2777 AEthio-

537 2819 660 2871 pes,
681 2819 827 2853 nunc
846 2801 1058 2873 Cyprus
1082 2816 1134 2855 et
1157 2803 1334 2857 Africa
1355 2803 1519 2856 mittit
1534 2822 1551 2855 t

535 2878 814 2951 Sanguinis
827 2898 1084 2951 aspersam
1095 2881 1274 2952 guttis,
1299 2882 1557 2935 similem·

539 2979 646 3031 que
671 2959 963 3029 smaragdo.
987 2985 1010 3006 ι
1035 2958 1315 3013 H.—-Aliis
1341 2960 1558 3031 iaspidis

537 3056 701 3109 genus
725 3075 740 3101 ,
796 3039 911 3089 aliis
969 3038 1198 3103 achatae,
1258 3039 1560 3111 sanguineis

538 3115 747 3187 punctis
772 3114 1046 3169 distincto.
1071 3118 1176 3169 En.

624 3214 674 3247 s.
729 3193 890 3246 Causa
935 3200 1152 3249 nominis.
1206 3196 1553 3261 marbodeus,

539 3276 646 3328 loc.
673 3273 764 3326 cit.
798 3301 819 3322 ι
841 3274 919 3326 Ex
949 3294 1008 3328 re
1035 3294 1230 3329 nomen
1259 3278 1457 3331 habens
1483 3290 1561 3330 est

540 3354 852 3425 heliotropio
892 3372 1130 3423 gemma,
1155 3357 1288 3421 Qun
1325 3356 1450 3410 solis
1477 3373 1561 3409 m-

541 3433 644 3487 diis
680 3432 734 3485 in
768 3450 903 3503 aqua
933 3436 1164 3505 subjecta
1187 3436 1404 3500 batillo,
1431 3434 1561 3487 San-

537 3513 792 3583 guineum
825 3510 1002 3565 reddit
1024 3526 1225 3567 mutato
1255 3514 1460 3567 lumine
1480 3532 1567 3567 so-

541 3594 674 3656 lem,
732 3592 1095 3664 Eclipsimque
1152 3610 1346 3647 novam
1413 3592 1565 3647 terris

543 3669 820 3724 effundere
844 3672 1044 3743 cogita·
1079 3672 1252 3725 Habet
1283 3672 1400 3725 hac
1423 3672 1569 3744 pari·

545 3763 626 3803 ter
655 3750 898 3814 Solinus,
925 3764 976 3803 et
1009 3748 1270 3811 Isidorus,
1295 3751 1427 3805 locis
1443 3752 1570 3805 citn-

543 3832 630 3883 tis.
649 3828 901 3883 Albertus
921 3830 1048 3883 item
1068 3829 1136 3883 de
1150 3830 1343 3883 Miner.
1357 3850 1411 3901 p.
1440 3831 1567 3885 230.

546 3908 614 3959 Η.
641 3940 723 3951 --
747 3908 1007 3979 Fulgorem
1051 3910 1168 3963 solis
1205 3910 1564 3976 accendentem,

544 3997 649 4037 etc.
677 3987 807 4055 Leg.

855 4014 880 4036 ι
911 3988 1359 4063 Fulgooem-solis
1385 4009 1571 4045 accen-

1641 2498 1665 2518 ·⁷
1724 2485 1776 2539 5.
1815 2485 2142 2556 Hephaestitis.
2187 2481 2436 2536 Totidem
2482 2482 2661 2537 verbis

1641 2562 1903 2628 Isidorus,
1932 2564 2082 2632 Orig.
2109 2562 2204 2616 lib.
2234 2564 2393 2628 xvl,
2419 2580 2534 2633 cap.
2570 2568 2660 2627 14,

1639 2634 1933 2713 fleant-itte,
1968 2642 2117 2713 quasi
2152 2660 2359 2713 gemma
2384 2640 2662 2694 Vulcania.

1722 2727 1775 2775 6.
1806 2722 1915 2775 Aut
1929 2727 1973 2775 εἰ
1997 2726 2049 2773 in
2067 2722 2181 2774 sole.
2210 2745 2233 2769 ι
2252 2720 2364 2773 Aut
2382 2721 2425 2773 si
2450 2720 2549 2775 soli
2568 2739 2663 2792 op-

1640 2802 1833 2873 posita,
1863 2825 1886 2848 ·
1918 2799 2169 2855 Isidorus.
2188 2800 2364 2852 Hsnn.

1725 2900 1781 2949 7.
1802 2882 2035 2935 Nasce'em·
2049 2884 2099 2932 in
2122 2878 2328 2949 Coryco.
2348 2879 2530 2943 Quum
2550 2878 2665 2931 hnc

1644 2959 1836 3030 raptim
1864 2959 2169 3027 cursimque
2192 2957 2513 3011 Mai-bodens
2534 2956 2669 3027 lege-

1644 3051 1753 3103 ret,
1784 3036 1972 3091 vidisse
2000 3057 2053 3091 se
2082 3040 2132 3089 ιἰι
2158 3037 2389 3090 Corintho
2410 3036 2669 3101 eredidit,

1645 3118 1827 3188 itaque
1852 3117 2069 3182 cecinit,
2098 3134 2213 3187 cap.
2240 3134 2406 3170 xxxv:
2436 3140 2459 3164 ιι
2486 3115 2670 3169 Nasci—

1644 3210 1732 3249 tur
1763 3197 1820 3248 in
1848 3196 2071 3259 bimari,
2100 3196 2385 3266 pretiosior
2406 3214 2539 3258 m,
2561 3194 2669 3247 co-

1647 3275 1827 3329 rintho
1869 3276 2053 3329 Dictus
2078 3274 2414 3345 hephaestites
2450 3273 2671 3327 rutilans

1648 3355 1783 3426 lapis
1803 3394 1818 3419 ,
1858 3366 1909 3407 et
1941 3352 2271 3408 rubicundus
2299 3372 2312 3407 ε
2338 3354 2447 3419 Qui
2484 3352 2531 3405 si
2566 3352 2673 3406 fer·

1650 3434 1799 3487 venti
1824 3434 1986 3487 fuerit
2010 3436 2277 3504 conjectus
2301 3433 2471 3485 aheno
2491 3470 2508 3496 ,
2526 3431 2671 3501 Igni-

1652 3514 1756 3566 bus
1784 3513 2047 3567 exsultans
2082 3513 2262 3584 prius,
2288 3512 2433 3565 illico
2466 3511 2673 3564 sistitur

1654 3591 1795 3646 unda
1810 3632 1827 3657 ,
1860 3592 2070 3663 Frigida
2092 3605 2216 3662 post
2236 3590 2513 3645 modicum
2540 3592 2674 3660 Iapi-

1653 3670 1737 3725 dis
1781 3673 1976 3725 virtute
2024 3672 2219 3725 futura.
2258 3696 2281 3717 ι
2335 3668 2576 3723 Isidorus
2626 3673 2675 3722 ιἰι

1658 3752 1845 3825 Cotyco
1870 3750 2016 3823 legit.
2056 3752 2237 3803 Hmn.

1734 3832 1789 3883 8.
1848 3828 2181 3885 [lor-minoda.
2236 3830 2281 3881 A
2329 3826 2681 3883 similitudine

1654 3910 1909 3964 nimirum
1963 3928 2085 3964 eum
2136 3908 2385 3960 hormino
2418 3926 2433 3961 τ
2488 3906 2678 3979 ὅρμινοι

1659 3990 1833 4045 Graeci
1854 4000 2043 4045 vocent
2058 3986 2237 4041 herbo
2258 4005 2454 4060 genus,
2476 3985 2545 4040 de
2562 4004 2681 4056 quo
