2975 4684
1029 373 1349 444 LIBER
1396 371 1810 442 XXXVII.

2344 368 2484 467 575

356 507 697 602 triumpho
729 505 1107 602 Capitolino
1136 507 1289 582 Jovi
1318 505 1568 576 dicavit
1595 533 1612 574 :
1641 527 1792 598 qua
1815 503 2122 622 protinus
2147 503 2230 572 ad
2257 503 2484 574 bomi-

356 639 518 684 num
550 638 741 684 usum
772 613 1120 702 transiere,
1156 614 1378 682 abacis
1408 607 1645 680 etiam'
1687 611 2080 728 escariisque
2115 611 2289 680 vasis
2331 611 2486 680 inde

358 721 699 850 expetitis:
727 721 1174 814 excrescitque
1194 721 1262 788 in
1289 719 1427 787 dies
1454 718 1596 812 ejus
1623 717 1720 784 rei
1743 714 1957 803 luxus,
1979 716 2328 786 murrhino
2346 743 2489 786 Lxx

358 810 647 896 talentis?
672 841 933 920 empto,
965 827 1193 921 capaci
1232 823 1425 919 plane
1462 823 1548 892 ad
1576 823 1890 892 sextarios
1919 836 2053 890 ties
2062 809 2334 892 ⁴calice.
2363 827 2488 892 Po-

359 933 526 1002 tavit
552 956 633 1000 ex
665 957 747 1000 eo
774 947 929 1002 ante
961 933 1087 1002 hos
1110 955 1319 1002 annos
1340 927 1742 1016 consulariS,
1785 927 1874 996 ob
1895 951 2192 996 amorem
2203 915 2492 998 ‘'abu-oso
2581 1015 2594 1023 .

360 1039 503 1132 ejus
522 1039 853 1132 margine,
880 1052 957 1107 ut
982 1053 1203 1107 tamen
1228 1037 1469 1130 injuria
1491 1034 1598 1104 illa
1617 1035 1904 1129 pretium
1935 1047 2249 1163 augeret:
2277 1039 2493 1130 ne‘que

360 1158 458 1213 est
488 1142 687 1213 hodie
716 1145 1047 1213 murrhini
1088 1142 1359 1213 alterius
1396 1143 1813 1236 praestantior
1845 1125 2269 1208 indicatura‘fl
2303 1142 2516 1211 Idem
2531 1172 2559 1205 2

362 1249 431 1318 in
437 1247 723 1344 reliquis
745 1252 1003 1343 generis
1026 1250 1167 1342 ejus
1196 1262 1524 1342 quantum
1549 1247 1913 1330 voraverit,
1937 1243 2090 1313 licet
2125 1245 2494 1317 existimare

258 1382 267 1388 ·
362 1379 446 1424 ex
472 1353 927 1440 multitudine,
968 1379 1113 1448 quae
1155 1368 1337 1423 tanta
1374 1353 1534 1440 fuit,
1563 1369 1644 1422 ut
1681 1349 2055 1420 auferente⁷
2093 1348 2316 1422 liberis
2355 1353 2499 1444 ejus

362 1461 633 1528 Nerone
670 1407 1011 1544 Domitio,
1048 1459 1376 1528 theatrum
1421 1457 1756 1553 peculiare
1796 1471 1980 1526 trans
2012 1457 2303 1526 Tiberim
2337 1458 2496 1526 hor·-

365 1551 493 1633 tis⁸
530 1567 827 1658 exposita
862 1579 1316 1658 occuparent:
1349 1563 1529 1658 quod
1570 1588 1608 1631 a
1638 1561 1886 1658 populo
1922 1561 2181 1656 impleri
2218 1579 2498 1634 canente

365 1693 475 1757 se,
505 1668 666 1738 dum
696 1672 1101 1764 Pompeiano
1133 1669 1473 1764 praeludit⁹
1491 1671 1690 1739 etiam
1712 1670 1964 1740 Neroni
1993 1671 2150 1738 satis
2173 1684 2356 1739 erat.
2385 1671 2502 1764 qui

365 1869 463 1924 tim
504 1869 802 1922 affirmatur
838 1888 869 1923 a
900 1839 1087 1922 'Plinio
1101 1909 1123 1950 ζ
1164 1869 1389 1923 conflata

364 1966 619 2019 nmquam
687 1960 777 2001 aut
850 1948 1071 2002 conflari
1134 1967 1387 2020 umquam

366 2045 523 2100 posse
539 2067 555 2092 ,
580 2029 699 2099 quis
721 2025 901 2080 credat
919 2033 943 2078 ?
970 2027 1151 2081 Hsnn.
1184 2059 1261 2071 —-
1292 2029 1393 2080 Po-

366 2105 495 2160 cula.
532 2107 743 2171 Quibus
768 2107 823 2159 in
858 2106 1074 2172 itinere,
1102 2109 1395 2179 profectio·

365 2187 525 2240 nibus
540 2200 591 2240 et
604 2185 1029 2256 expeditionibus
1042 2205 1209 2258 quum
1223 2189 1393 2240 Roma

368 2265 727 2328 discessisset,
754 2266 1021 2319 utebatur.
1066 2266 1271 2319 Dante.
1311 2297 1395 2309 ——

369 2345 577 2397 Pocula.
598 2341 666 2396 Id
687 2357 999 2414 argumento
1023 2358 1099 2396 est
1122 2346 1397 2398 muri-hina

371 2422 531 2476 fuisse
562 2441 592 2494 e
632 2421 842 2492 lapide,
890 2422 1153 2494 siquidem
1201 2425 1398 2477 Noster

370 2503 447 2556 ait
470 2501 675 2574 lapides
700 2514 753 2555 et
777 2503 987 2572 pocula.
1018 2503 1183 2555 Baor.

457 2602 509 2636 3.
558 2581 747 2634 Abuca:
784 2586 947 2636 ete'cm.
994 2583 1199 2635 Abacos
1239 2592 1401 2634 vocat

372 2660 539 2714 fulcra
558 2699 577 2726 ,
611 2662 955 2733 pluteosque,
1004 2661 1200 2732 quibus
1241 2679 1398 2725 vasa,

374 2738 792 2810 candelabraque
810 2779 825 2805 ,
849 2753 903 2792 et
926 2740 1027 2793 alia
1053 2741 1393 2811 imponimus.

374 2817 481 2868 Des
504 2819 777 2886 gnei-idom.
810 2817 997 2870 Ham).

458 2895 513 2948 3.
554 2895 725 2949 LXX
768 2897 975 2948 talentis.
1030 2897 1112 2958 Ita
1160 2897 1288 2968 Reg.
1330 2916 1357 2948 3
1382 2935 1401 2962 ,

376 2975 533 3028 Colb.
566 2975 623 3037 3,
650 2987 751 3027 vet.
780 2975 903 3029 Dal.
926 2977 1007 3028 De
1033 2975 1239 3028 talentis
1260 2978 1403 3029 Atti-

362 3055 454 3107 ·cis
474 3054 589 3106 baec
614 3053 926 3124 accipimus,
948 3054 1017 3108 de
1036 3055 1229 3125 quibus
1250 3055 1401 3108 alibi.

376 3133 521 3204 Typi
547 3134 743 3204 vulgati
774 3134 1027 3188 hacteuus
1045 3173 1062 3200 ,
1088 3135 1401 3206 LXXXse-

342 3211 589 3280 'seer-tiis,
636 3213 791 3274 nullo
830 3213 1017 3266 codice
1063 3215 1401 3286 suffragante.

376 3292 447 3348 H.
477 3321 558 3333 —-
584 3293 746 3344 LXX
774 3298 1017 3346 sestertiis.
1044 3293 1131 3347 Sic
1156 3296 1319 3366 Regg.
1345 3314 1400 3361 3,

382 3371 437 3436 3,
465 3371 519 3434 5.
545 3376 610 3438 ὃς
639 3373 969 3444 septuaginta
996 3386 1171 3432 autem
1212 3377 1403 3430 talenta

379 3460 507 3503 sunt
518 3453 713 3522 gallicas
726 3465 951 3506 monete
970 3453 1121 3505 libre
1136 3451 1301 3518 326,ss
1315 3473 1336 3507 1
1351 3475 1399 3507 3.

380 3530 446 3580 In
476 3529 626 3584 MSS.
646 3530 960 3584 vindobon.
982 3544 1039 3584 et
1065 3533 1401 3587 Ambrosiam.

382 3607 547 3660 LXX
582 3613 836 3674 sestertiis,
866 3628 985 3680 quae
1020 3622 1143 3664 sunt
1178 3626 1403 3665 monetis

384 3689 630 3742 nostratis
654 3689 805 3744 librae
834 3691 925 3754 15,
930 3693 1067 3755 5623
1104 3705 1155 3746 at
1180 3693 1235 3744 in
1262 3705 1403 3745 tanta

384 3763 596 3818 luxuria
651 3771 939 3840 poculique
995 3769 1405 3842 magnitudine,

386 3844 637 3914 majorem
671 3868 951 3903 numerum
988 3853 1253 3904 veriorem
1295 3869 1407 3904 ease

387 3920 557 3977 credit
580 3937 633 3978 et
660 3927 950 3984 Broterius.
980 3931 1083 3984 En.

472 4009 529 4068 4.
578 4004 669 4056 Ad
706 4013 941 4061 meat-500·
992 4021 1100 4062 tm.
1154 4010 1404 4064 Mensura

1473 1868 1662 1940 galliea
1676 1908 1692 1932 ,
1745 1869 1872 1922 dem
1911 1873 2071 1938 pientes
2105 1881 2158 1920 et
2196 1869 2501 1926 densi-serien

1476 1949 1620 2002 Vide
1638 1967 1760 2022 quai
1789 1947 2020 2001 diximus
2041 1949 2078 2002 1.
2101 1949 2255 2014 XIV,
2277 1969 2326 2004 c.
2355 1953 2410 2005 6.
2432 1951 2501 2004 H.

1560 2029 1612 2082 5.
1643 2029 1724 2084 ob
1739 2047 1961 2080 amorem.
1982 2029 2108 2093 Quo
2121 2028 2340 2082 calicem
2357 2030 2504 2084 hunc

1478 2108 1776 2178 deperibat.
1807 2105 1988 2160 liuto.

1559 2191 1613 2241 6.
1645 2188 1970 2238 praestantior
1984 2186 2286 2239 indicatura.
2329 2187 2502 2260 Mujus

1474 2268 1732 2342 pretium.
1775 2265 2019 2319 Diximus
2059 2265 2129 2318 de
2157 2266 2258 2320 hac
2288 2285 2419 2319 voce
2445 2267 2504 2321 in

1479 2347 1682 2419 profat.
1722 2344 1792 2399 ad
1813 2345 1998 2398 Titum
2015 2383 2032 2408 ‚
2065 2357 2120 2398 et
2145 2345 2239 2397 lib.
2283 2346 2468 2400 xxlx
2483 2387 2502 2413 ,

1480 2444 1596 2495 cap.
1621 2426 1673 2477 8.
1699 2425 1767 2476 H.
1797 2455 1872 2466 —
1899 2423 1986 2476 Sic
2013 2444 2170 2495 supra
2195 2441 2310 2496 cap.
2341 2423 2372 2476 3
2389 2462 2407 2490 ,
2436 2429 2508 2477 ἰη-

1481 2506 1676 2556 dicante
1700 2507 1750 2553 ite
1777 2500 1942 2574 Cypro
1963 2523 2095 2574 rege.
2121 2505 2289 2556 Buca·-

1567 2601 1620 2653 7.
1638 2581 1918 2648 Ausci-enee.
1938 2582 2018 2635 Ut
2041 2603 2210 2654 quum
2231 2585 2375 2636 Nem
2389 2583 2508 2637 Co·

1484 2680 1569 2716 aar
1599 2681 1658 2714 ea
1689 2659 1880 2731 pocula
1903 2660 2086 2714 liberis
2113 2665 2225 2734 ejus
2255 2662 2506 2717 auferret.

1568 2743 1623 2794 8.
1645 2741 1834 2792 Hortis.
1859 2740 1922 2791 In
1943 2739 2114 2792 hortis
2133 2742 2260 2805 suis,
2283 2742 2509 2796 Neronis

1440 2817 1445 2822 ’
1484 2820 1702 2873 scilicet.
1745 2819 1806 2870 P.
1830 2819 2022 2870 Victor
2046 2819 2100 2871 in
2128 2817 2376 2890 descript.
2407 2822 2509 2873 no-

1486 2917 1615 2966 mae,
1645 2897 1864 2967 regione
1895 2897 2027 2948 x1v
2061 2917 2076 2947 :
2109 2923 2134 2946 ι
2161 2899 2332 2951 Trans
2357 2899 2512 2953 'rihe-

1484 2979 1649 3032 rim...
1671 2977 1869 3030 Hortus
1895 2976 2134 3030 Domitii.
2166 3001 2191 3022 ι
2228 2975 2406 3029 flauo.

1568 3077 1621 3127 9.
1649 3057 1784 3110 Dum
1807 3055 2100 3126 Pompeiano
2108 3056 2362 3126 praeludit.
2383 3055 2508 3112 Scil.

1486 3137 1693 3190 theatro
1721 3157 1734 3187 ε
1770 3147 1828 3188 ιιι
1856 3136 2212 3206 intelligamus
2243 3137 2510 3192 theatrum

1484 3216 1594 3270 boc
1607 3215 2040 3270 mustiber‘mum
2055 3217 2364 3288 Pompeiani
2388 3217 2512 3279 fnis-

1486 3315 1546 3350 se
1584 3293 1925 3367 praeludium.
1971 3295 2108 3348 Nam
2157 3297 2300 3350 Nero
2341 3297 2514 3367 prius·

1486 3391 1646 3447 quam
1679 3375 1848 3446 probe
1875 3375 2230 3446 perfricuisset
2259 3377 2511 3439 frontem,

1488 3455 1786 3508 minoribus
1829 3471 1886 3508 se
1931 3456 2218 3509 ostentavit
2255 3453 2470 3507 theatris
2497 3492 2512 3518 ,

1486 3548 1761 3606 postremo
1804 3535 1862 3587 in
1904 3534 2148 3605 Pompeii
2197 3534 2402 3585 theatro
2455 3531 2512 3585 in

1488 3627 1774 3685 conspeetu
1839 3613 2002 3666 totius
2061 3611 2245 3704 populi
2304 3612 2514 3664 romani

1491 3694 1721 3765 ineptire
1743 3711 1852 3746 non
1877 3693 2090 3746 erubuit
2107 3693 2217 3744 sive
2233 3689 2518 3758 cantando,

1492 3773 1602 3826 sive
1649 3769 1954 3843 aurigando.
2000 3771 2212 3823 Gmu.
2256 3800 2337 3809 —
2382 3770 2516 3823 Dum

1495 3851 1786 3924 Pompeiano
1814 3849 2062 3922 praeludie.
2097 3851 2242 3901 Dum
2275 3867 2330 3902 se
2365 3841 2518 3920 parat

1495 3930 1562 3984 ad
1593 3929 1935 3986 canendum·
1919 3949 1973 3982 m
2012 3927 2252 4001 Pompeii
2287 3927 2516 3983 theatro.

1493 4009 1879 4081 'ljranquillus'
1861 4029 1918 4063 m
1947 4009 2184 4072 Nerone,
2219 4025 2340 4080 cap.
2367 4027 2516 4064 xxn·
2501 4051 2514 4062 .
