2975 4684
1096 415 1412 484 LIBER
1464 415 1786 481 XXXV.

2365 379 2503 487 365

388 562 499 617 aut
518 545 851 617 vehiculis.
872 549 1017 615 Jam
1037 548 1365 641 piscantes
1380 599 1399 632 ,
1424 559 1992 640 aucupantesque‚
2023 559 2136 614 aut
2157 563 2472 620 venantes
2487 605 2507 638 ,

387 669 501 722 aut
521 655 716 722 etiam
733 653 1240 737 vindemiantes,
1261 654 1499 720 suntin
1518 653 1656 744 ejus
1677 649 2160 744 exemplaribus
2181 679 2195 720 :
2224 653 2474 725 nobiles
2488 709 2506 742 ,

384 759 661 853 palustri
696 783 961 827 accessu
994 758 1163 828 villae
1183 813 1202 846 ‚
1234 755 1607 828 succollatis
1635 758 1988 851 sponsione
2007 744 2056 782 ²⁶
2090 757 2506 848 mulieribus,

384 862 677 933 labantes
719 864 1090 959 trepidique
1124 865 1473 934 feruntur:
1514 861 1813 958 plurimae
1844 878 2158 957 praeterea
2197 863 2358 934 tales
2399 863 2506 935 a'r-

384 972 581 1063 gutiae
629 971 1000 1070 facetissimi
1056 969 1253 1040 salis:
1289 971 1596 1062 idemque
1645 967 2110 1038 subdialibus²⁷
2151 973 2510 1042 maritimas

384 1076 579 1144 urbes
617 1077 888 1171 pingere
928 1077 1245 1162 instituit,
1287 1075 1712 1144 blandissimo
1757 1089 2071 1167 aspectu,
2110 1077 2511 1172 minimoque

383 1181 737 1275 impendio.
779 1181 909 1250 Sed
950 1180 1131 1250 nulla
1173 1181 1381 1275 gloria
1421 1180 1750 1249 artificum
1781 1196 1918 1266 est,
1961 1180 2083 1248 nisi
2129 1203 2357 1250 eorum
2396 1188 2508 1278 qui
2543 1211 2577 1260 6

383 1286 637 1355 tabulas
672 1289 988 1381 pinxere:
1026 1311 1235 1379 eoque
1278 1285 1716 1355 venerabilior
1747 1283 2062 1379 apparet²
2067 1271 2508 1381 ⁸antiquitaS.

382 1393 536 1461 Non
562 1395 740 1461 enim
771 1393 1049 1486 parietes
1074 1391 1461 1459 excolebant
1488 1391 1771 1460 dominis
1802 1406 2096 1473 tantum,
2129 1417 2251 1460 nec
2277 1393 2512 1464 domos

382 1522 516 1566 uno
551 1500 618 1565 in
657 1495 806 1565 loco
836 1520 1212 1580 mansuras,
1240 1521 1384 1588 quae
1424 1521 1504 1563 ex
1546 1496 1862 1564 incendiis
1893 1499 2034 1590 rapi
2063 1522 2198 1564 non
2221 1517 2509 1592 possent.

379 1601 623 1671 Casula
648 1604 1050 1695 Protogenes
1080 1615 1429 1669 contentus
1454 1615 1597 1669 erat
1630 1603 1698 1668 in
1728 1600 1994 1670 hortulo
2030 1627 2168 1671 suo.
2205 1604 2404 1672 Nulla
2441 1609 2511 1674 in

381 1707 627 1801 Apellis
650 1709 936 1775 tectoriis
956 1707 1211 1800 pictura
1230 1721 1389 1775 erat.
1424 1705 1742 1774 Nondum
1765 1706 2026 1775 libebat
2019 1710 2310 1812 parietes
2336 1725 2509 1780 totos

380 1814 669 1905 pingere.
712 1814 951 1942 Omni³s
975 1836 1205 1880 eorum
1238 1837 1343 1880 ars
1374 1812 1646 1880 urbibus
1675 1811 2104 1881 excubabat²⁹

2108 1807 2508 1921 ‚pictorque

379 1943 485 1987 res
520 1903 922 1987 communis³
926 1917 1297 1986 ⁰terrarum
1338 1931 1499 1984 erat.
1541 1919 1692 1986 Fuit
1717 1932 1784 1986 et
1809 1917 2091 1987 Arellius
2133 1909 2362 1989 Romae
2399 1947 2504 1991 ce·—
2559 1995 2563 1998 ,

378 2023 557 2093 leber
592 2022 791 2119 paulo
840 2038 993 2092 ante
1036 2024 1263 2091 divum
1316 2026 1739 2116 Augustum:
1787 2024 1911 2091 nisi
1967 2023 2278 2117 flagitio
2264 2028 2500 2121 insigni

380 2132 777 2224 corrupisset
802 2145 1041 2213 artem,
1062 2153 1322 2223 semper
1346 2127 1620 2223 alicujus
1644 2127 1904 2198 feminae
1927 2152 2154 2198 amore
2185 2129 2470 2226 flagrans
2487 2189 2507 2220 ‚

462 2307 553 2356 26.
586 2303 783 2357 Nobiles
793 2303 1002 2372 palustri
1020 2321 1209 2354 accessu
1226 2290 1393 2366 villa,

379 2383 649 2434 succollatis
665 2386 911 2452 sponsione
927 2421 941 2447 ,
966 2393 1063 2434 etc.
1092 2381 1313 2434 Nobiles
1339 2393 1399 2433 nt

379 2461 545 2530 bajuli
569 2500 584 2523 ,
642 2479 741 2532 per
792 2479 1051 2514 accessum
1112 2460 1399 2530 palustrem

380 2537 650 2611 cujusdam
693 2540 858 2603 villo,
913 2540 1047 2593 colla
1090 2539 1399 2592 mulieribus

380 2638 442 2673 ex
469 2620 753 2690 sponsione
778 2620 983 2672 onerati
1012 2618 1315 2672 vacillantes
1338 2636 1399 2671 nc

380 2698 539 2752 veluti
586 2697 741 2752 oneri
786 2709 1075 2752 metuentes
1118 2696 1395 2751 incedunt.

378 2775 533 2830 Hunc
562 2779 737 2832 locum
775 2795 836 2830 ex
872 2776 980 2830 fide
1006 2778 1130 2846 Reg.
1172 2775 1289 2828 cod.
1328 2795 1394 2840 2,

378 2855 532 2910 colb.
578 2856 640 2919 3,
683 2856 1013 2926 aliorumque
1052 2854 1391 2908 refluximus:

376 2953 543 3004 quum
570 2935 719 3004 prius
748 2934 817 2985 ita
855 2934 1133 3002 legeretur,
1157 2934 1398 3002 interpo-

378 3013 520 3066 lante
546 3013 781 3066 Bai-haro
811 3032 821 3060 :
852 3037 873 3059 ι
904 3023 995 3063 aut
1025 3011 1181 3063 etiam
1216 3010 1398 3064 vinde·

378 3093 617 3148 miantes.
638 3093 777 3145 Sunt
800 3091 851 3142 in
874 3091 991 3159 ejus
1010 3091 1397 3161 exemplaribus

374 3171 607 3236 nobiles,
630 3171 849 3241 palustri
868 3187 1081 3222 accessu
1098 3169 1262 3234 vinae,
1284 3189 1396 3224 suc·

376 3251 691 3304 collantinm·
712 3249 885 3318 specie
916 3248 1161 3302 mulieres
1176 3288 1190 3313 ,
1216 3250 1393 3303 laben-

377 3343 454 3383 tes
465 3328 791 3402 trepidaeque
804 3328 1064 3384 feruntur.
1082 3330 1175 3379 -In
1194 3329 1321 3398 Reg.
1342 3348 1393 3393 π,

376 3410 535 3462 Colh.
572 3408 625 3470 3,
662 3421 715 3462 et
756 3408 933 3460 Parm.
970 3407 1096 3460 edit.
1124 3411 1394 3477 sponsione.

377 3488 680 3542 Gronovius
723 3490 937 3557 personis
992 3505 1092 3556 pro
1146 3492 1395 3555 sponsione

376 3567 575 3622 scribit.
600 3570 721 3620 Vox
745 3586 909 3636 porro
928 3565 1215 3620 succollare
1234 3566 1392 3620 latina

376 3661 484 3708 est,
515 3661 567 3701 et
586 3633 899 3716 Tianquillo
925 3663 1135 3715 qnoque
1156 3657 1297 3697 nota.
1322 3645 1393 3700 H.

380 3759 453 3769 —-
500 3727 783 3796 Trepide'que
818 3725 1062 3792 struatur.
1124 3725 1267 3776 Brot.
1326 3742 1389 3778 ex

375 3806 525 3860 MSS.
546 3808 711 3875 -Regg.
737 3827 765 3857 a
782 3837 799 3866 ‚
827 3805 857 3858 5
880 3843 895 3868 ,
925 3805 1209 3874 trepidisque
1221 3805 1391 3870 ferun-

378 3897 470 3938 eur.
488 3888 551 3938 In
568 3884 683 3938 MS.
710 3885 834 3955 Reg.
858 3883 889 3935 3
914 3896 965 3935 et
992 3881 1229 3934 editione
1249 3882 1391 3953 prin·

376 3962 528 4033 cipe,
540 3964 825 4036 trepideque
849 3964 1097 4030 fimatur.
1134 3963 1390 4032 Pleraque

376 4046 491 4097 hoc
528 4057 858 4113 argumenta.
894 4061 1010 4112 quse
1049 4041 1251 4096 Plinius
1288 4059 1393 4094 me-

1483 2314 1693 2366 morat,
1717 2302 1774 2353 in
1791 2301 2272 2358 Herculanensibns
2285 2306 2507 2426 picturis

1484 2393 1698 2434 tractata
1721 2379 1902 2434 videre
1932 2395 2022 2434 est.
2049 2384 2150 2436 En.

1569 2459 2104 2529 27.Subdsatfbus.1n
2137 2463 2224 2524 iis,
2264 2482 2382 2535 quae
2406 2421 2506 2518 sub

1482 2537 1575 2590 dio
1592 2550 1748 2602 sunt,
1772 2539 2292 2597 inambulationibus.
2321 2545 2505 2598 nmo.

1567 2620 1658 2670 28.
1697 2617 2028 2670 Venerabilioe·
2060 2635 2262 2690 apparet
2301 2629 2505 2696 antae'qut‘-

1482 2707 1575 2748 ωε.
1599 2697 1747 2748 Brot.
1778 2715 1842 2748 ex
1874 2697 2027 2750 MSS.
2053 2701 2215 2771 Regg.
2243 2703 2420 2755 Dalec.
2450 2717 2506 2758 et

1483 2773 1714 2828 'editione
1735 2775 2008 2846 principe,
2037 2780 2355 2832 venerabilior·
2379 2787 2504 2835 anti-

1480 2858 1680 2926 quitati-s
1695 2855 1954 2922 prudentia
1975 2871 2190 2926 apparet.
2213 2861 2316 2914 En.

1567 2952 1653 3002 ²9·
1689 2934 1859 2985 Omnis
1880 2955 2038 2986 eorum
2053 2956 2134 2988 ars
2154 2939 2344 2992 urbibus
2361 2961 2504 2993 excu-

1482 3013 1647 3066 babat.
1677 3012 1804 3064 Orbi
1839 3015 2048 3074 mallem
2073 3017 2268 3087 legeres
2287 3057 2302 3080 ,
2342 3039 2500 3090 quam

1481 3091 1704 3154 urbibus,
1745 3111 1866 3144 nam
1906 3095 2144 3164 sequitur
2193 3097 2498 3166 confestim,

1487 3195 1511 3217 ι
1538 3171 1820 3241 pictorque
1871 3189 1954 3223 res
1994 3176 2290 3228 eommunis
2335 3191 2498 3233 terra-

1478 3269 1601 3301 rum
1629 3263 1754 3302 erat.
1779 3278 1800 3297 ·
1825 3251 1981 3302 Pnnr.
1999 3283 2073 3292 --
2090 3254 2276 3309 Omnis.
2293 3259 2420 3330 Reg.
2448 3279 2500 3323 a,

1478 3334 1682 3380 omnium
1703 3349 1878 3381 eorum.
1903 3331 2086 3384 Malim
2109 3352 2210 3404 ego
2227 3373 2244 3396 ‚
2266 3339 2496 3392 omnibus.

1479 3407 1548 3460 H.
1572 3438 1652 3447 -—
1677 3409 1848 3461 Omnis
1877 3429 2036 3462 eorum
2063 3431 2162 3464 ars.
2195 3415 2401 3470 Broter.
2433 3435 2496 3468 ex

1478 3486 1631 3540 MSS.
1656 3489 1818 3560 Regg.
1850 3502 1902 3542 et
1937 3489 2061 3544 edit.
2091 3493 2264 3562 princ.
2293 3499 2496 3547 omnium

1476 3585 1634 3618 eorum
1659 3587 1754 3620 ars.
1787 3569 1889 3621 En.

1560 3645 1646 3698 30.
1685 3638 1778 3699 Res
1797 3653 2068 3702 eommunis.
2099 3651 2226 3701 Rem
2257 3670 2497 3708 commn-

1477 3743 1602 3776 nem
1635 3740 1814 3792 vocat,
1850 3741 2072 3820 propter
2111 3728 2338 3793 tabulas,
2376 3750 2494 3802 quae

1478 3801 1624 3856 domi
1645 3819 1835 3878 ,atque
1857 3810 1915 3859 in
1939 3807 2116 3857 locum
2146 3807 2304 3858 alium
2329 3823 2496 3866 trans-

1475 3883 1606 3936 ferri
1627 3899 1874 3955 possent.
1892 3898 1948 3937 ut
1962 3903 2023 3938 ex
2042 3883 2310 3939 AchaisL.
2330 3889 2501 3944 Mum-

1477 3963 1648 4015 mium
1689 3963 2012 4016 transtulisse
2046 3964 2304 4031 permulta
2343 3987 2500 4042 supe-

1481 4043 1594 4096 rius
1608 4041 1854 4095 vidimus.
1883 4039 2060 4092 nmo.
