2975 4684
454 394 591 469 156

982 398 1057 465 c.
1110 346 1442 492 13L1Nr1
1491 398 1712 466 NAT.
1763 395 2025 464 ffls‘r.

446 531 590 600 sine
620 514 924 598 amento⁴
952 528 1263 621 insignis,
1311 531 1379 596 in
1412 526 1665 597 Metelli
1711 524 1971 621 publica
2013 513 2310 621 porticu⁵

2351 547 2368 589 ἕ
2407 553 2552 622 quae

446 651 661 706 statua
694 655 869 701 nunc
904 645 1005 701 est
1047 633 1114 700 in
1152 636 1452 704 Octavioe
1488 633 1819 727 operibus.

548 741 693 808 XV.
724 735 991 806 Publice
1019 753 1239 808 autem
1260 739 1343 808 ab
1372 740 1613 809 exteris
1633 739 1842 832 posita
1866 751 1967 806 est
1986 740 2215 807 Romae
2237 741 2314 809 C.
2343 736 2544 806 AElio'

442 844 705 970 tribu3no
753 838 993 934 plebis,
1044 841 1185 939 lege
1218 842 1510 940 perlata²
1543 846 1608 912 in
1647 845 1946 912 Stenium
1977 843 2298 912 Statilium
2336 845 2546 914 Luca·

437 932 629 1014 num³
634 1000 653 1033 ,
684 971 801 1040 qui
822 948 1153 1019 Thurinos
1172 951 1271 1019 bis
1290 950 1746 1020 infestaverat
1775 949 1863 1017 ob
1899 947 1966 1016 id
2003 947 2242 1018 AElium
2271 947 2546 1016 'lhurini

436 1066 649 1120 statua
702 1066 771 1122 et
819 1079 1065 1124 corona
1100 1079 1297 1125 aurea
1332 1055 1769 1124 donaverunt.
1795 1053 2019 1121 Iidem
2053 1068 2281 1149 postea
2323 1055 2547 1122 Fabri·

434 1145 649 1228 cium⁴
708 1159 1038 1230 donavere
1084 1175 1335 1246 statua,
1394 1158 1650 1229 liberati
1707 1158 2094 1230 obsidione·
2142 1145 2546 1253 passimque⁵

432 1277 661 1359 gentes
704 1267 773 1334 in
824 1265 1155 1336 clientelas
1208 1268 1313 1334 ita
1360 1281 1698 1360 receptae:
1747 1264 1916 1334 adeo
1956 1263 2304 1334 discrimen
2349 1289 2546 1334 omne

432 1369 796 1459 sublatum,
830 1387 904 1440 ut
946 1369 1326 1440 Hannibalis
1362 1371 1560 1440 etiam
1597 1385 1828 1440 statuae
1879 1369 2091 1438 tribus
2137 1367 2296 1438 locis
2339 1372 2548 1439 visan·

431 1490 543 1545 tur
587 1480 654 1546 in
709 1478 906 1560 urbe,
964 1461 1187 1571 cujus⁶
1241 1478 1413 1544 intra
1468 1501 1696 1546 muros
1762 1475 1939 1544 solus
1984 1474 2274 1544 hostium
2331 1478 2546 1546 emisit

430 1582 709 1653 hastam

522 1679 911 1778 XVI.(vn.)
925 1686 1145 1754 Fuisse
1159 1701 1380 1756 autem
1401 1690 1782 1757 statuariam
1799 1701 2005 1756 artem
2025 1685 2409 1756 familiarem
2423 1689 2544 1754 Ita-

426 1789 527 1861 lioe
542 1815 803 1885 quoque
820 1807 885 1860 et
905 1806 1228 1862 vetustam
1248 1845 1267 1880 ,
1285 1791 1608 1881 iudicant,
1645 1792 1960 1862 Hercules
1989 1791 2072 1860 ab
2091 1792 2403 1861 Evandro
2431 1818 2540 1860 sa-

422 2023 655 2078 nummis
674 2025 905 2096 antiquis
924 2045 1070 2080 casus
1090 2027 1315 2081 Gracchi
1338 2045 1435 2080 no-

422 2102 705 2156 minativus
739 2123 945 2177 semper
986 2123 1219 2160 ousccvs
1256 2107 1438 2160 scribi-

422 2194 529 2247 tur,
553 2203 663 2237 non
698 2201 996 2248 onsccuvs,
1028 2186 1267 2255 quamvis
1291 2183 1435 2257 apud

316 2301 323 2319 .
420 2261 563 2316 Plut.
582 2265 802 2335 Γράκχος
825 2264 906 2317 sit.
936 2263 1118 2318 Hann.

505 2348 556 2406 4.
578 2341 695 2396 Sine
720 2356 925 2396 amento.
954 2343 1077 2396 Sine
1100 2344 1235 2396 loro.
1260 2344 1330 2396 H.

502 2423 556 2476 5.
584 2423 647 2474 In
666 2422 853 2474 Metelli
865 2422 1061 2492 publica
1076 2426 1285 2494 porticu.
1308 2423 1433 2476 Pin-

418 2501 563 2572 gitur
596 2499 710 2554 haec
753 2501 985 2572 porticus
1020 2501 1075 2554 in
1116 2502 1431 2554 numismate

416 2579 610 2632 eximio
634 2591 900 2650 argenteo,
919 2600 949 2634 e
968 2581 1108 2634 Gaza
1126 2583 1305 2636 Seren.
1334 2578 1431 2634 du·

416 2659 491 2711 cis
539 2659 987 2726 Cenomanensis,
1035 2673 1089 2714 et
1139 2661 1196 2714 in
1242 2661 1429 2714 Museo

414 2735 1055 2803 P.Cnm11.1.m·r,cum
1096 2739 1197 2793 hac
1222 2740 1427 2818 epigra-

412 2815 932 2886 phe‚Q.mrrnt.1.vs
971 2837 1105 2872 rtvs.
1136 2821 1316 2872 Hnm

494 2893 1020 2950 XV.1.C.AE11·.0
1066 2897 1148 2950 Ad
1190 2917 1429 2950 summos

409 2987 587 3044 postea
616 2978 942 3047 magistratus
969 2990 1144 3030 evecta
1187 2995 1312 3048 gens
1338 2979 1430 3028 ΔΕ-

408 3053 479 3106 lin
524 3055 624 3108 fuit
663 3072 678 3106 t
710 3073 773 3108 ex
814 3075 919 3126 qua
964 3056 1219 3109 nimirum
1258 3055 1429 3108 AElius

408 3131 627 3201 Sejanus
637 3173 654 3197 ,
690 3145 743 3186 et
787 3135 955 3188 AElius
1002 3135 1179 3200 Nerva
1231 3135 1428 3200 Cesar,

409 3211 505 3282 qui
536 3213 591 3264 in
626 3231 795 3284 graeco
824 3233 1048 3266 nummo
1093 3227 1195 3278 est,
1226 3233 1369 3267 nunc
1396 3232 1425 3265 e

408 3289 549 3344 Gaza
589 3292 900 3358 Parmensi5
918 3292 1155 3347 AIAIOC
1180 3297 1249 3346 N.
1278 3297 1424 3345 ΚΑΙ-

409 3369 578 3423 CAP:
620 3371 781 3432 Αἴλιος
823 3373 1038 3443 Νιροὺας
1083 3375 1281 3442 Καῖσαρ
1318 3390 1331 3424 :
1373 3384 1426 3424 et

406 3449 577 3503 AElius
606 3448 900 3503 Hadrianus
928 3456 1221 3523 Augustus,
1250 3463 1305 3502 et
1336 3453 1422 3502 AE·

404 3527 512 3582 lius
548 3530 721 3584 cnam
751 3531 1073 3594 Antoninus,
1104 3530 1314 3600 aliique.
1344 3528 1423 3581 Ex

407 3609 659 3662 affinitate
690 3626 809 3660 cum
850 3607 1143 3664 Cen-ribus
1175 3607 1425 3662 nobilita·

406 3699 512 3740 tem
540 3687 725 3758 adepta
755 3702 832 3742 est
860 3707 965 3742 una
986 3688 1181 3741 familia
1203 3707 1266 3741 ex
1284 3688 1423 3740 AElia

402 3779 600 3835 gente:
640 3785 702 3820 ex
732 3786 837 3838 qua
874 3787 929 3821 se
964 3769 1036 3821 ob
1066 3787 1181 3822 eam
1214 3785 1421 3820 causam

406 3846 602 3898 AElium
632 3847 915 3914 Cesarem,
941 3867 1051 3900 non
1078 3847 1275 3900 AElium
1292 3846 1417 3900 sim·

404 3923 613 3991 pliciter
668 3939 719 3980 et
776 3927 1048 3993 absolute,
1110 3925 1418 3980 Antoninus

403 3999 527 4054 Pius
554 4004 797 4074 appellat.
819 4004 1002 4058 Haut).

1609 2047 1659 2080 ι.
1699 2029 1828 2097 Lege
1853 2027 2064 2095 perlata.
2097 2027 2216 2091 Qua
2245 2027 2289 2078 is
2323 2013 2562 2080 damna-⁰

1521 2120 1668 2162 retur
1699 2119 1754 2159 ut
1791 2106 2044 2177 publicus.
2068 2105 2253 2159 hostis.
2283 2105 2417 2158 Du..

1606 2187 1657 2239 3.
1674 2183 1888 2238 Stenium
1903 2183 2148 2236 Statilium
2159 2185 2419 2236 Lucanum.
2433 2183 2536 2235 Sta·

1521 2265 1652 2318 tium
1683 2265 1941 2318 Statilium
1963 2261 2214 2316 mendose
2237 2282 2337 2332 pro
2354 2263 2536 2315 Steuio

1521 2343 1726 2397 Statilio
1753 2357 1907 2396 vocat
1931 2343 2049 2394 val.
2073 2343 2212 2395 Max.
2239 2343 2296 2408 1,
2323 2343 2379 2406 8,
2403 2361 2456 2393 n.
2479 2345 2536 2394 6.

1519 2423 1854 2476 Lucanorum
1899 2422 2312 2491 Brutiorumque
2347 2419 2535 2474 ducem

1519 2502 1574 2554 in
1615 2522 1680 2555 eo
1727 2501 1904 2565 bello,
1949 2519 2057 2572 quo
2102 2500 2298 2572 gemini
2347 2499 2536 2570 populi

1518 2581 1771 2634 Thurina
1799 2581 1946 2633 urbis
1969 2581 2218 2651 petebant
2247 2577 2533 2632 excidium.

1518 2657 1685 2732 Apud
1713 2661 1927 2713 Gruter.
1958 2679 2014 2731 p.
2047 2660 2188 2733 830.
2207 2677 2456 2724 srumvs,
2481 2669 2534 2710 et

1515 2757 1738 2804 sunu,
1763 2757 1870 2792 non
1893 2735 2164 2792 srunmvs.
2188 2737 2370 2789 Hum-

1599 2819 1652 2879 4.
1697 2819 1992 2872 Fabricium.
2021 2819 2304 2871 Luscinum
2339 2835 2534 2888 cogno-

1515 2897 1687 2958 mine,
1733 2895 1803 2949 de
1845 2915 1952 2968 quo
1987 2897 2082 2952 lib.
2110 2897 2383 2959 XXXIII,
2415 2913 2528 2967 cap.

1519 2977 1586 3029 50
1613 2989 1666 3030 et
1695 2977 1783 3040 54.
1812 2977 1996 3030 Han.

1599 3055 1650 3110 5.
1680 3057 1979 3126 Passimqe'ee.
2005 3055 2091 3108 sie
2121 3067 2408 3126 patronum
2439 3054 2536 3106 ha-
2575 3047 2582 3054 ’

1515 3133 1678 3188 buere
1703 3135 1779 3186 Μ.
1811 3135 2050 3187 ΤιιῙΙίιιιιι
2083 3135 2396 3186 Ciceronem
2427 3133 2530 3184 Ca—

1513 3215 1708 3284 punni,
1765 3225 2093 3282 statuamque
2141 3212 2190 3263 ei
2242 3213 2530 3263 inauratam

1513 3309 1767 3368 posuere,
1796 3291 1914 3362 ipso
1963 3287 2259 3361 prodente,
2305 3301 2437 3341 orat.
2473 3288 2526 3340 in

1513 3372 1692 3424 Pison.
1740 3382 1793 3422 et
1831 3387 1930 3441 pro
1971 3366 2172 3420 Sextio.
2216 3367 2303 3422 Sic
2351 3367 2529 3419 Bono·

1511 3451 1719 3503 nienses
1757 3449 1814 3500 in
1846 3447 2248 3500 Antoniorum.
2277 3447 2332 3498 in
2365 3445 2528 3498 Clau·

1513 3527 1726 3582 diorum
1753 3526 1988 3581 clientela
2007 3523 2392 3578 Lacedaemonii
2416 3523 2530 3576 fue-

1512 3622 1657 3667 runt,
1687 3619 1817 3660 teste
1841 3606 1985 3660 Suet.
2014 3604 2069 3657 in
2095 3605 2216 3658 Tib.
2253 3623 2328 3658 νι.
2357 3603 2424 3656 Η.
2448 3633 2528 3645 —-

1513 3685 1685 3741 Gron.
1715 3699 1770 3740 et
1808 3685 1900 3738 Al.
1931 3687 2200 3758 positaque
2243 3685 2434 3738 clientes
2477 3684 2528 3734 in

1512 3767 1754 3819 clientelas
1781 3769 1852 3818 ila
1878 3768 2067 3835 recepti.
2091 3765 2196 3816 En.

1589 3849 1642 3900 6.
1681 3845 1849 3914 Cujus.
1889 3837 2224 3897 conferenda
2261 3841 2374 3893 hoec
2403 3859 2526 3893 cum

1507 3923 1572 3977 iis
1611 3943 1732 3996 qua
1765 3922 1950 3976 Livius
1991 3921 2147 3976 habet
2182 3921 2274 3973 lib.
2303 3919 2532 3984 xxvl,

1507 4021 1559 4072 p.
1587 4005 1723 4058 282.
1745 4003 1930 4057 Hsnn.
