2975 4684
427 405 521 487 40

963 400 1041 470 C.
1095 401 1439 474 PLINII
1492 403 1713 474 NAT.
1765 401 2024 470 HIST.

422 532 857 629 Argentum²¹
888 533 1219 652 signatum
1253 550 1357 605 est
1386 561 1564 605 anno
1592 534 1800 604 Urbis
1838 555 2278 618 cccctxxxv,
2309 532 2396 622 Q.
2439 535 2562 600 Fa-

422 639 534 710 bio
576 637 880 722 consule,
922 641 1211 734 quinque
1260 641 1487 713 annis²

1492 628 1708 710 3ιιιιιε
1741 641 2034 736 primum
2071 637 2320 708 bellum
2355 639 2564 706 Puni-

358 765 389 818 3
427 771 603 816 cum.
628 749 719 816 Et
758 745 1008 841 placuit
1041 741 1451 818 denarium²⁴
1478 775 1604 843 pro
1644 746 1874 818 decem
1905 745 2086 815 libris
2111 746 2259 814 aeris
2279 747 2563 839 ,quina-

422 948 695 1018 turiasque
746 965 815 1000 ex
884 965 1048 1002 censu
1104 947 1447 1023 descripserit

425 1027 638 1082 Servius
666 1027 874 1080 Tullius
912 1047 1004 1081 rex
1043 1031 1405 1084 Rornanorum
1428 1071 1446 1096 ,

425 1105 569 1161 disce
582 1125 651 1159 ex
670 1107 847 1172 Livio,
869 1107 964 1160 lib.
988 1108 1033 1170 1,
1058 1121 1178 1180 post
1192 1109 1453 1166 medium.

424 1187 648 1240 Festus:
674 1185 819 1240 Infra
852 1187 1067 1240 classem
1100 1189 1445 1260 significatur,

425 1265 522 1338 qui
542 1266 750 1318 minore
764 1285 967 1322 summa
986 1287 1143 1340 quam
1164 1281 1381 1322 centum
1398 1282 1453 1322 et

362 1342 369 1350 “
424 1346 614 1418 viginti
634 1344 860 1398 millium
887 1346 1007 1402 teris
1026 1347 1360 1404 censisunt.
1382 1347 1449 1402 Η.

512 1445 605 1479 2².
627 1425 902 1494 Argentum
935 1431 1179 1497 signatum
1214 1441 1288 1480 ese
1324 1448 1453 1482 anno

432 1505 577 1558 Urbis
626 1503 1123 1574 CCCCLXXXV,
1178 1509 1244 1576 Q.
1294 1509 1455 1560 Fabio

427 1586 619 1638 consule
634 1624 649 1649 ,
678 1589 881 1657 quinque
920 1591 1061 1639 annis
1104 1600 1216 1640 ante
1244 1593 1451 1658 primum

426 1667 601 1718 bellum
630 1663 883 1718 Punicum.
931 1668 1011 1718 Ita
1057 1667 1177 1718 libri
1230 1686 1415 1720 omnes
1440 1707 1455 1734 ,

422 1745 577 1798 nullo
592 1741 775 1796 addito
793 1744 991 1813 collega
1007 1782 1023 1808 ‚
1046 1745 1250 1796 consuli
1270 1745 1450 1798 Fabio.

424 1826 491 1876 In
534 1824 665 1892 Reg.
699 1839 725 1872 τι
771 1820 1143 1893 cod..legitur‚
1185 1823 1251 1892 Q.
1287 1825 1353 1876 0.
1389 1824 1451 1878 C.

424 1903 602 1955 Fabio.
622 1898 786 1953 Unde
807 1901 1084 1965 Canterue,
1099 1902 1280 1974 Antiq.
1298 1904 1452 1956 Lect.

425 1981 523 2034 lib.
544 1981 623 2045 11,
644 1997 761 2049 cap.
789 1997 812 2032 1
830 1997 852 2031 1
870 1979 1217 2052 1,legendum
1243 1982 1330 2034 hic
1350 2001 1452 2052 pu-

430 2073 506 2114 tat
524 2099 541 2126 ,
569 2061 635 2129 Q.
666 2059 915 2127 Ogulnio,
944 2059 1007 2114 C.
1036 2060 1190 2112 Fabio
1214 2063 1453 2114 coss.Ve·

428 2149 551 2193 rum
584 2136 730 2191 baud
765 2137 1021 2192 credibile
1063 2153 1140 2194 est
1176 2141 1451 2194 librarium

426 2219 659 2272 voluisse
680 2217 790 2271 sole
814 2219 985 2272 littera
1014 2219 1064 2274 O
1087 2217 1354 2289 Ogulnium
1378 2223 1458 2274 in·

430 2298 614 2371 telligi.
655 2298 844 2369 Itaque
876 2300 1010 2353 nihil
1046 2297 1355 2354 mutandum
1398 2301 1454 2354 in

430 2397 493 2432 ea
519 2379 782 2450 scriptura
816 2397 1123 2445 censemus,
1150 2399 1307 2450 quam
1336 2399 1456 2434 om-

430 2477 524 2512 nes
553 2459 681 2510 libri
708 2469 909 2512 veteres
940 2459 1209 2514 exhibent.
1246 2460 1458 2514 Trium·

431 2538 538 2591 viri
570 2535 846 2590 monet-lis
866 2555 931 2591 ex
958 2553 1112 2610 gente
1144 2539 1334 2602 Fabia,
1357 2540 1456 2593 ho-

431 2614 628 2688 dieque
672 2635 924 2675 nummue
966 2631 1129 2672 exstet
1168 2619 1223 2672 in
1268 2619 1477 2680 Museo,

432 2695 714 2750 parisiensi
756 2710 969 2760 nostro,
1012 2701 1165 2768 eujus
1202 2712 1455 2770 ectypum

432 2776 651 2830 Petinus
686 2775 929 2840 exhibet,
966 2777 1023 2831 in
1056 2792 1213 2850 gente
1258 2779 1455 2843 thia
1485 2812 1495 2820 ·-

432 2863 890 2929 pag-107,cum
930 2857 1027 2911 hac
1065 2857 1355 2930 epigraphe
1390 2877 1453 2912 ex

433 2954 613 2990 everen
642 2949 818 3008 parte,
867 2956 955 2990 nx.
992 2957 1042 2990 Α.
1080 2955 1168 2990 rv.
1210 2938 1315 2990 hoc
1347 2950 1455 3002 est,

434 3035 495 3069 ex
517 3009 719 3085 uigente
741 3036 885 3087 p,m·o
908 3035 999 3070 seu
1030 3017 1210 3088 potius
1224 3016 1457 3086 publico,-

435 3114 499 3149 ex
521 3094 735 3148 adversa
752 3109 874 3150 sunt
886 3096 1049 3167 higae,
1072 3114 1195 3149 cum
1220 3097 1451 3161 ciconia,

434 3157 581 3246 quod
606 3175 779 3228 Fabia
794 3177 963 3248 gentis
984 3177 1211 3248 insigne,
1227 3177 1455 3230 subscri-

432 3256 943 3327 biturque,c.nn1.
980 3273 1029 3310 ο.
1061 3276 1112 3310 ιν.
1142 3255 1248 3310 Sed
1275 3270 1330 3310 et
1360 3276 1453 3310 ιιι-

434 3353 565 3388 ιιιιιιι
602 3333 909 3389 refluximus
929 3376 944 3401 ,
985 3356 1091 3408 quo
1126 3337 1455 3390 consulatum

434 3415 598 3468 umbo
656 3415 873 3485 gessisse
918 3415 1203 3481 dicuntur,
1264 3434 1459 3488 nempe

372 3489 385 3498 ⁶
440 3493 923 3559 CCCCLXXXV,
949 3515 1116 3567 quum
1156 3497 1459 3552 centenario

434 3575 644 3646 integro
696 3573 906 3628 codices
961 3588 1073 3629 tum
1129 3575 1285 3628 MSS.
1343 3588 1458 3627 tum

435 3653 567 3708 editi
594 3653 922 3726 discrepent,
953 3656 1009 3708 in
1029 3655 1224 3726 quibus
1246 3655 1457 3726 legitur,

438 3735 973 3799 CCCCCLXXXV,
1006 3733 1290 3788 centenarii
1334 3746 1457 3788 nota

440 3813 688 3869 videlicet
718 3811 1036 3869 abundante.
1082 3815 1159 3866 Eo
1189 3826 1331 3867 certe
1363 3833 1455 3866 an·

432 3911 525 3958 no,
540 3912 695 3965 quem
723 3893 1007 3958 edidimus,
1029 3895 1271 3948 consules
1296 3891 1455 3946 fuisse

435 3970 504 4037 Q.
541 3973 837 4043 Ogulnium
882 3975 1125 4040 Gallum,
1167 3987 1218 4027 et
1258 3975 1319 4028 C.
1354 3973 1451 4026 Fe-

432 4051 584 4105 hium
615 4053 872 4108 Pictorem
906 4055 1047 4109 Fasti
1076 4052 1292 4110 tradunt
1316 4075 1325 4106 ι
1354 4073 1451 4108 nec

1436 4333 1455 4362 ἱ

1535 951 1753 1024 quintus
1779 961 1904 1022 ente
1929 947 2198 1002 Punicum
2229 947 2430 1014 bellum
2458 949 2570 1018 pri-

1535 1049 1686 1084 mum
1713 1049 1886 1082 annus
1911 1029 2046 1082 alius
2071 1045 2182 1081 esee
2201 1039 2399 1098 potest,
2417 1029 2486 1080 ab
2503 1045 2568 1080 eo

1535 1128 1694 1184 quem
1734 1109 1988 1164 diximus.
2031 1108 2188 1162 Certe
2230 1107 2285 1158 in
2329 1107 2566 1162 chifflet.

1537 1193 1656 1243 cod.
1675 1189 1720 1242 si
1743 1189 2010 1243 credimus
2037 1189 2120 1242 Cl.
2141 1186 2440 1250 Chiffletio,
2465 1187 2564 1242 lib.

1537 1269 1606 1324 de
1625 1269 1809 1341 Antiq.
1835 1287 1985 1321 num.
2011 1287 2059 1320 c.
2090 1285 2148 1337 7,
2171 1286 2226 1338 p.
2247 1266 2344 1332 55,
2367 1263 2566 1320 diserte

1536 1350 1750 1418 legitur,
1772 1345 2568 1402 CCCCLXXXV.H.-Brot.

1547 1430 1614 1499 Q.
1639 1429 1828 1499 Oguln.
1858 1429 1921 1482 C.
1937 1428 2100 1480 Fabio
2117 1446 2238 1478 coss.
2263 1427 2368 1478 En.

1625 1510 1715 1564 23.
1764 1509 1988 1581 Quinque
2029 1512 2185 1558 annis.
2225 1505 2376 1569 Sive,
2413 1500 2567 1575 quod

1539 1586 1736 1642 eodem
1767 1589 1933 1641 ferme
1955 1586 2146 1640 recidit
2162 1626 2178 1651 ,
2201 1599 2263 1639 ut
2283 1583 2469 1638 Livius
2493 1583 2570 1638 nit

1541 1667 1597 1720 in
1623 1669 1872 1738 Epitome
1899 1667 2020 1720 libri
2045 1668 2150 1719 XV
2180 1685 2193 1719 ε
2233 1663 2438 1718 :Victis
2460 1663 2566 1716 Ta·

1538 1747 1825 1800 rentinis...
1872 1759 2000 1799 tuuc
2051 1746 2290 1816 primum
2332 1745 2567 1815 populus

1537 1842 1792 1878 romanus
1814 1836 2030 1893 argento
2048 1823 2126 1874 uti
2154 1824 2330 1893 coepit.
2345 1848 2367 1870 ι
2391 1824 2568 1877 Varro

1541 1913 1722 1954 tamen
1748 1902 1892 1973 apud
1919 1902 2125 1956 Charis.
2157 1902 2342 1954 Annal.
2369 1901 2468 1952 lib.
2501 1904 2560 1967 1,

1541 1982 1618 2034 sic
1665 1981 1878 2053 scripsit
1925 1999 1939 2034 :
2001 2007 2024 2029 ι
2045 1982 2341 2035 Nummum
2383 1999 2571 2050 orgen·

1543 2075 1684 2113 teum
1737 2059 2027 2114 conflatum
2079 2061 2312 2130 primum
2373 2079 2402 2112 a
2449 2061 2565 2114 ser.

1541 2141 1724 2194 Tullio
1747 2140 1951 2194 dicunt.
1985 2167 2008 2187 ιι
2047 2138 2152 2194 Sed
2179 2139 2280 2192 hac
2313 2139 2570 2211 loquendi

1543 2221 1715 2274 forma
1739 2222 1990 2273 obscuros
2015 2238 2126 2272 esse
2147 2220 2299 2272 famae
2319 2220 2461 2272 illius
2483 2239 2570 2272 au·
2647 2227 2664 2238 “

1544 2312 1716 2353 ctores
1751 2299 2025 2371 significat.
2067 2299 2188 2352 Scio
2227 2299 2292 2352 T.
2339 2299 2568 2352 Minucii
2613 2335 2618 2340 -

1543 2378 1834 2452 Augustini
1869 2397 2150 2432 nummum
2182 2379 2445 2450 proferri,
2474 2377 2568 2432 sod

1543 2463 1656 2531 ejus
1675 2477 1784 2514 ease
1805 2477 1962 2530 nego,
1987 2459 2082 2530 qui
2107 2459 2292 2512 consul
2321 2459 2424 2513 fuit
2444 2471 2566 2512 ante

1544 2540 1656 2594 fere
1677 2559 1746 2592 xx.
1778 2557 1934 2610 quam
1965 2551 2194 2610 coeptum
2220 2539 2285 2592 sit
2305 2539 2566 2591 Punicum

1545 2619 1742 2672 bellum
1769 2637 1780 2672 :
1819 2621 1970 2690 cujus
2000 2619 2068 2670 sit
2105 2631 2282 2671 tamen
2315 2635 2570 2672 nummus

1543 2698 1661 2764 ille,
1683 2699 1984 2752 obscurum.
2021 2698 2206 2751 Ηιιιι).

1629 2786 1721 2842 ²4·
1753 2778 1826 2830 Ee
1857 2779 2050 2848 placuit
2083 2778 2348 2830 denarium.
2379 2775 2574 2830 Subin-

1546 2857 1754 2926 tellige,
1798 2869 1856 2910 ut
1910 2857 2079 2922 infra,
2122 2856 2430 2929 permutari.
2481 2857 2569 2910 Sic

1545 2937 1686 2991 enim
1715 2937 1874 2990 MSS.
1897 2939 2028 3009 Reg.
2046 2957 2098 3001 π,
2127 2950 2180 2990 et
2204 2937 2290 2990 alii
2307 2974 2322 2994 .
2353 2955 2464 2989 non
2487 2937 2570 2988 de·

1546 3020 1728 3081 narius,
1754 3021 2086 3088 quinat-iusve,
2129 3029 2190 3068 ut
2219 3015 2345 3068 editi
2375 3032 2390 3066 ε
2431 3033 2567 3086 quo·

1543 3115 1664 3150 rum
1678 3097 1761 3150 vel
1779 3115 1842 3148 ex
1855 3089 1928 3148 'eo
1949 3113 2102 3148 error
2113 3093 2398 3163 detegitur,
2420 3093 2569 3164 quod

1545 3177 1720 3230 statim
1761 3179 2021 3228 sertertium
2071 3177 2153 3226 vel
2200 3175 2299 3244 ipsi
2349 3191 2569 3244 quoque

1544 3255 1740 3327 legunt.
1795 3256 1965 3308 Porro
1999 3253 2246 3307 denarius
2285 3265 2568 3325 argenteus

1547 3329 1570 3398 (
1592 3333 1886 3406 cujusmodi
1927 3346 2052 3387 sunt
2084 3333 2386 3387 consulares
2410 3332 2572 3406 pleri-

1549 3411 1697 3487 que),
1721 3415 1766 3467 εἰ
1793 3433 1914 3468 cum
1946 3427 2158 3467 moneta
2181 3424 2361 3468 nostra
2381 3414 2571 3485 proba·

1548 3494 1747 3548 tissima
1769 3513 1834 3548 ex
1859 3505 2072 3566 argento
2095 3505 2472 3564 componatur,
2495 3493 2571 3544 le·

1547 3575 1732 3646 gitimn
1755 3574 2094 3628 aestimatione
2114 3573 2289 3627 valere
2311 3570 2570 3626 dicendus

1547 3667 1623 3708 est
1649 3673 1784 3708 asses
1819 3671 1980 3708 :reos
2009 3655 2230 3708 omnino
2255 3667 2377 3706 octo
2403 3673 2414 3702 ε
2447 3651 2570 3722 qni·

1545 3735 1724 3787 narius
1741 3774 1757 3800 ,
1777 3744 2004 3805 quatuor
2028 3753 2041 3786 :
2065 3733 2338 3788 sestertius
2353 3771 2368 3798 ,
2393 3731 2568 3783 binos.

1545 3813 1666 3866 Scio
1689 3815 1754 3866 ab
1771 3813 1984 3868 erudito
2003 3812 2121 3866 viro
2139 3851 2155 3878 ,
2173 3813 2227 3866 in
2247 3809 2567 3881 Mastigoph.

1553 3909 1576 3944 1
1595 3911 1644 3956 1,
1667 3912 1786 3966 pag.
1815 3893 1905 3956 31,
1935 3906 1988 3946 et
2007 3910 2038 3945 a
2067 3887 2360 3954 Gusendo,
2385 3887 2440 3941 in
2469 3906 2568 3960 ap·

1544 3970 1771 4045 pendice
1806 3972 1872 4025 nd
1915 3973 2002 4026 111
2041 3985 2170 4025 tom.
2202 3969 2400 4024 Philon.
2433 3968 2568 4040 Epi-

1541 4053 1654 4106 curi
1671 4091 1687 4120 ,
1706 4051 1926 4108 minoris
1948 4051 2192 4108 aestimari
2214 4069 2226 4105 :
2246 4049 2410 4106 taxari
2423 4049 2566 4104 enim
