2975 4684
1072 445 1379 516 LIBER
1425 446 1799 518 XXXIII.

2420 401 2601 543 39Ι

361 576 840 708 interponitur.
904 577 1172 647 Servius
1225 563 1408 648 rex¹⁵
1473 579 1729 674 primus
1780 578 2066 673 signavit
2123 601 2230 647 aes.
2298 581 2515 650 Antea

367 682 560 775 rudi,¹
635 707 792 753 usos
830 685 1064 752 Romae
1105 686 1392 756 Timoeus
1429 685 1634 754 tradit
1653 684 1721 753 ¹⁷.
1762 685 2111 780 Signatum
2147 698 2251 754 est
2271 671 2321 709 ¹⁸
2352 700 2515 755 nota

371 789 716 884 pecudum
767 815 784 857 ε
831 789 1008 860 unde
1037 803 1108 859 et
1133 790 1478 886 pecunia¹⁹
1502 789 1847 887 appellata.
1870 789 2517 862 Maximus²⁰census
2582 815 2588 821 ·

373 919 472 965 cx
509 919 590 966 11.
622 897 866 965 assium
909 896 1036 967 fuit
1065 894 1178 968 illo
1211 923 1423 994 rege-z
1469 912 1539 967 et
1579 897 1729 968 ideo
1772 897 1916 967 haec
1952 895 2229 992 prima²‘
2269 896 2511 968 classis.

463 1017 552 1070 15.
567 1014 760 1070 Servius
778 1037 863 1069 rex
879 1021 1082 1090 primus.
1107 1017 1399 1090 Septimius

373 1095 605 1149 florens
636 1095 864 1169 Apolog.
907 1093 1072 1152 tradit
1111 1097 1399 1154 Saturnum

374 1175 616 1246 primum
631 1177 876 1231 omnium
895 1195 1180 1232 nummum
1205 1180 1400 1252 signas·

376 1273 464 1319 se,
491 1273 553 1308 ac
583 1253 706 1309 ideo
731 1255 996 1311 creditum
1025 1259 1198 1312 aerarii
1220 1260 1400 1332 praesi-

379 1331 523 1388 dem.
561 1334 833 1390 Charisius
868 1337 1212 1392 Grammatio.
1246 1359 1295 1404 1,
1335 1357 1403 1392 ex

381 1413 556 1467 anuali
569 1416 830 1469 Varronis
841 1416 1004 1471 tradit
1023 1436 1307 1471 nummum
1326 1437 1406 1470 ar·

377 1505 626 1565 genteum
651 1495 942 1550 conflatum
969 1497 1146 1569 primo
1167 1516 1196 1549 a
1219 1497 1406 1551 servio

378 1573 546 1626 Tullo
577 1587 809 1645 quatuor
847 1575 1114 1646 scriptulis
1152 1577 1408 1646 majorem

377 1669 546 1724 quam
573 1670 877 1706 nummum.
905 1653 1182 1706 Victorius
1221 1653 1314 1706 lib.
1336 1653 1408 1717 V,

374 1749 504 1802 cap.
537 1731 630 1784 13.
659 1731 795 1784 Du..
816 1764 895 1775 —
927 1729 1118 1785 Servius
1155 1753 1254 1788 rex.
1284 1733 1412 1787 Cas-

373 1808 640 1866 siodorus
655 1849 672 1876 ‚
691 1809 821 1864 Var.
843 1811 1079 1877 lihvn,
1100 1812 1256 1866 form.
1285 1813 1352 1866 32
1389 1829 1404 1865 :

381 1917 406 1940 ι
428 1890 651 1943 Servius
675 1907 770 1942 rex
792 1904 1060 1945 monetam
1086 1892 1140 1944 in
1169 1909 1270 1946 sere
1300 1892 1408 1964 pri·

378 1987 532 2022 mum
578 1971 904 2041 impressisse
937 1972 1267 2042 perhibetur.
1298 1997 1320 2020 ι
1359 1974 1407 2024 Δ

379 2048 613 2102 Saturno
669 2063 819 2103 antea
873 2051 1133 2123 signatum
1185 2050 1410 2106 tradidit

379 2127 654 2194 Isidorus,
673 2129 823 2201 Orig.
854 2130 949 2184 lib.
977 2132 1142 2197 XVI,
1165 2149 1285 2203 cap.
1315 2149 1406 2202 ¹7-

379 2206 490 2261 Sed
535 2227 624 2262 eos
659 2221 904 2264 auctores
947 2224 1160 2265 secutus
1193 2225 1272 2264 est
1309 2211 1408 2285 qui

381 2287 614 2341 miscent
639 2289 836 2343 omnia.
864 2291 1032 2343 Hsnn

475 2371 569 2421 16.
595 2369 762 2420 Antea
788 2367 917 2423 rudi.
941 2369 1144 2424 Gentes
1165 2367 1408 2442 quaedam

383 2457 446 2499 et
469 2447 712 2517 plumbo.
741 2449 1132 2503 Leontinorum
1166 2469 1197 2502 e
1233 2449 1412 2503 Sicilia

383 2525 703 2596 plumbeum
757 2547 1040 2582 nummum
1095 2527 1411 2582 indubitatae

385 2605 714 2676 antiquitatis
761 2607 818 2660 in
863 2609 1054 2663 Museo
1090 2621 1275 2662 nostro
1311 2627 1414 2662 ser·

385 2701 594 2740 vamus.
637 2689 705 2740 Et
750 2688 1068 2758 plumbeum
1122 2707 1411 2744 nummum

389 2765 608 2819 Plautus
637 2767 694 2819 in
725 2768 1020 2821 trinummo
1045 2770 1222 2822 habet.
1247 2769 1317 2822 Η.

481 2860 570 2914 ¹7·
613 2847 825 2900 Timoeus
863 2849 1030 2900 tradit.
1071 2845 1274 2901 Reddit
1322 2868 1417 2902 au-

291 2937 304 2944 ·
391 2937 628 2983 ctorem,
655 2936 717 2979 ut
745 2927 909 2991 solet,
933 2945 1103 2998 quum
1125 2926 1288 2981 fidem
1316 2929 1416 2981 ob-

390 3002 656 3075 stringere
691 3005 970 3077 propriam
1003 3024 1112 3059 non
1143 3005 1320 3061 audet.
1347 3007 1416 3061 Et

390 3082 554 3154 longe
583 3095 706 3138 ante
737 3104 764 3137 a
795 3087 934 3140 Jano
965 3087 1229 3158 signatum
1259 3087 1420 3140 fuisse

393 3175 586 3217 auctor
621 3176 702 3218 est
726 3164 968 3220 Macrob.
991 3167 1207 3220 Saturn.
1233 3165 1329 3220 lib.
1357 3167 1386 3218 1
1401 3205 1417 3232 ‚

393 3261 444 3297 ο.
475 3263 531 3312 7,
547 3261 606 3314 p.
631 3263 764 3316 117.
791 3247 838 3298 A
859 3246 1036 3300 Numa
1061 3245 1266 3300 Plinius
1286 3246 1420 3317 ipse,

390 3322 496 3376 lib.
521 3323 784 3392 XXXIV,
807 3343 924 3398 cap.
959 3345 1012 3380 1.
1051 3327 1146 3380 Est
1171 3339 1348 3379 autem
1376 3325 1422 3378 is

393 3401 663 3470 Timonis,
688 3405 783 3476 qui
809 3403 878 3459 de
903 3405 1163 3460 metallica
1183 3403 1420 3478 discipli·

393 3501 471 3537 na
496 3483 767 3555 scripsisse
793 3485 850 3539 in
878 3486 1044 3556 hujus
1077 3487 1202 3539 libri
1229 3483 1420 3549 Iudice

393 3561 618 3616 dicitur.
647 3565 764 3618 Hoc
789 3565 913 3619 1000
943 3566 1075 3638 Reg.
1102 3585 1157 3631 1,
1195 3567 1416 3622 Temos.

395 3641 586 3698 chiffl.
610 3643 947 3699 etParmeus.
973 3643 1138 3699 editio
1159 3658 1306 3699 reete
1335 3645 1422 3697 Tz-

397 3743 565 3778 maem.
584 3719 730 3777 Editi
752 3722 1004 3796 deinceps
1023 3725 1181 3793 libri,
1203 3725 1423 3791 Remea-r,

395 3804 600 3875 inepte.
626 3801 808 3857 Han.

483 3886 578 3939 18.
610 3882 870 3954 Signatum
909 3895 986 3936 est
1017 3895 1136 3937 nota
1172 3885 1422 3956 pecudum.

407 3962 558 4016 Alex.
598 3963 670 4018 ab
701 3963 858 4017 Alex.
893 3963 990 4016 lib.
1031 3963 1136 4028 IV,
1177 3981 1294 4036 esp.
1335 3986 1356 4017 1
1371 3961 1427 4031 5,

407 4041 550 4095 vas-ia
569 4043 783 4111 nummi
797 4041 941 4114 apud
956 4043 1234 4116 plerasque
1248 4055 1426 4115 gentes

405 4123 666 4193 κόμματα,
689 4135 746 4178 01
764 4121 1000 4194 ejusdem
1017 4141 1065 4177 c.
1081 4143 1108 4177 1
1121 4129 1151 4188 4
1165 4162 1182 4191 ,
1196 4137 1248 4178 01
1260 4141 1428 4195 quau-

1489 1015 1563 1073 do
1599 1029 1658 1072 et
1684 1037 1712 1071 a
1738 1015 1948 1090 'quibus
1976 1018 2214 1090 primum
2251 1019 2517 1092 signatum

1489 1117 1561 1153 as
1576 1117 1801 1168 ‚aurum‚
1814 1117 1972 1170 argeu
1980 1111 2091 1152 tum
2109 1138 2127 1167 ‚
2148 1099 2332 1152 multis
2352 1098 2521 1170 expli-

1489 1192 1591 1233 cat.
1612 1179 1752 1232 Du..
1767 1177 2113 1248 —Signatum
2133 1191 2223 1231 est.
2237 1181 2383 1232 Bove
2403 1218 2419 1245 ,
2432 1179 2519 1234 vel

1488 1277 1583 1313 sue
1604 1281 1615 1310 ι
1644 1265 1789 1325 Βοῦν,
1812 1259 1845 1316 ἢ
1870 1255 2139 1330 τὲρόὸατον,
2158 1259 2191 1317 ἢ
2222 1265 2307 1313 σῦν
2333 1259 2519 1327 ἐπιχά-

1491 1357 1667 1410 patros
1700 1345 1797 1391 τῶν
1829 1339 2149 1409 νομισμάτων
2182 1341 2279 1399 τοῖς
2306 1344 2516 1391 παι-λαιο-

1492 1419 1693 1486 τοὶτοις,
1719 1417 1899 1484 inquit
1944 1417 2212 1470 Plutarch.
2254 1418 2312 1470 in
2340 1417 2521 1488 Popli-

1496 1497 1646 1560 cola,
1689 1514 1811 1567 pag.
1849 1493 1951 1548 103
1974 1534 1989 1559 ,
2034 1506 2088 1547 et
2131 1495 2189 1548 in
2228 1495 2520 1562 Quaestiou.

1496 1575 1654 1627 Rom.
1690 1593 1743 1644 p.
1785 1577 1918 1645 ²7⁴·
1949 1573 2157 1637 Varro,
2191 1573 2259 1626 de
2291 1575 2369 1626 Re
2394 1587 2523 1626 rust.

1496 1653 1593 1706 lib.
1620 1654 1707 1717 11,
1738 1671 1853 1723 cap.
1894 1669 1943 1717 1,
1983 1671 2042 1724 p.
2079 1652 2195 1708 85:
2233 1680 2256 1701 ι
2282 1655 2353 1706 Et
2378 1651 2525 1726 quod

1497 1752 1567 1788 aes
1583 1732 2010 1805 antiquissimum
2034 1731 2179 1804 quod
2202 1743 2281 1786 est
2300 1733 2485 1786 flatum
2509 1772 2525 1798 ,

1494 1829 1689 1886 pecore
1719 1825 1799 1866 est
1824 1825 2089 1866 notatum.
2118 1839 2141 1860 a·
2174 1813 2246 1866 Et
2278 1811 2375 1866 lib.
2404 1815 2435 1866 1
2457 1811 2526 1867 de

1494 1894 1605 1946 vita
1632 1892 1820 1964 populi
1836 1892 2045 1945 romani
2069 1911 2084 1946 ε
2116 1919 2139 1942 ι
2171 1893 2280 1945 Aut
2304 1893 2524 1958 bovem,

1495 1985 1586 2026 aut
1611 1991 1791 2037 ovem,
1824 1982 1917 2024 aut
1931 1989 2209 2026 vervecem
2226 2011 2243 2040 ‚
2261 1971 2426 2028 habet
2451 1973 2525 2027 si-

1497 2071 1684 2125 gnum.
1714 2077 1739 2099 ι
1769 2048 1957 2104 Ham).

1584 2149 1607 2186 1
1619 2151 1673 2202 9.
1702 2131 1841 2185 Unde
1857 2143 1905 2182 et
1920 2133 2143 2202 pecunia.
2180 2129 2394 2202 Spectat
2413 2129 2524 2185 buc

1501 2210 1892 2284 quadamtenus
1924 2209 2073 2282 quod
2096 2211 2173 2264 ait
2195 2209 2491 2264 Columella
2506 2249 2523 2276 ,

1498 2291 1556 2344 in
1578 2291 1735 2362 praef.
1759 2291 1966 2344 libyn
1996 2309 2011 2343 ε
2050 2316 2073 2339 ι
2100 2289 2334 2344 Nomina
2359 2307 2525 2360 pecu·-

1497 2371 1600 2424 niae
1635 2383 1689 2424 et
1734 2370 1933 2441 peculii
1978 2379 2147 2422 tracta
2196 2366 2449 2422 videntur
2494 2388 2530 2423 a⁴

1498 2468 1722 2522 pecore,
1768 2447 1915 2521 quod
1950 2467 2063 2501 non
2100 2447 2275 2500 solum
2305 2449 2531 2501 Veteres

1500 2527 1879 2601 possederunt,
1905 2526 1997 2582 sed
2017 2526 2193 2581 adbuc
2214 2525 2359 2600 apud
2379 2545 2529 2598 quas-

1501 2607 1627 2662 dam
1659 2622 1839 2679 gentes
1880 2627 2047 2661 unum
2074 2619 2362 2678 usurpatur
2386 2606 2527 2660 divi·

1502 2689 1699 2742 tiarum
1734 2705 1916 2759 genus.
1949 2712 1971 2734 ι
2002 2687 2100 2740 His
2142 2683 2281 2742 adde
2316 2705 2378 2740 ea
2408 2703 2529 2759 quoe

1500 2765 1733 2822 diximus
1762 2767 1856 2820 lib.
1876 2767 2103 2832 XVIII,
2132 2785 2248 2838 cap.
2277 2765 2329 2820 3.
2360 2767 2528 2820 Pecu-

1500 2848 1647 2901 niam
1691 2845 1895 2900 idcirco
1954 2847 2193 2900 fortassis
2235 2864 2339 2916 pro
2389 2864 2527 2900 111100

1501 2939 1708 2982 tantum
1774 2944 2000 2980 nummo
2040 2927 2264 2979 Veteres
2326 2921 2525 2979 dixere.

1503 3003 1845 3078 Lampridius
1875 3007 1933 3059 iu
1951 3003 2262 3059 Alexandro
2284 3003 2481 3058 Severo
2509 3023 2524 3058 :

1513 3111 1537 3135 α
1565 3085 1799 3140 Seenicis
1820 3103 2115 3158 numquam
2136 3103 2326 3138 aurum
2339 3124 2355 3151 ,
2376 3103 2531 3138 num·

1506 3181 1667 3238 quam
1694 3177 1973 3236 argeutum
1988 3205 2005 3231 ,
2022 3165 2111 3220 vix
2132 3165 2414 3236 pecuniam
2437 3163 2530 3218 do-
2624 3213 2629 3218 .

1507 3243 1671 3299 navit.
1700 3269 1725 3292 »
1758 3243 1941 3296 Hsnn.

1592 3341 1681 3379 10.
1748 3323 1995 3376 Maximus
2060 3343 2240 3379 ceruus.
2315 3324 2529 3389 Livius,

1503 3404 1600 3458 lib.
1631 3405 1687 3470 1,
1706 3422 1760 3476 p.
1797 3389 1889 3470 16,
1908 3403 2097 3474 primas
2121 3403 2295 3458 classis
2312 3421 2529 3458 censum

1507 3485 1581 3537 ait
1592 3483 1753 3537 fuisse
1767 3521 1784 3548 ‚
1804 3483 1989 3536 Servio
2005 3501 2129 3555 rege
2147 3484 2220 3537 sic
2237 3497 2500 3539 statuente
2511 3522 2530 3549 ,

1507 3576 1722 3618 centum
1748 3563 1981 3616 millium
2019 3564 2153 3618 aeris.
2178 3565 2383 3628 Festus,
2412 3579 2531 3615 cxx.

1510 3643 1748 3710 Gellius,
1772 3643 2014 3711 libyn„
2042 3662 2160 3715 cap.
2192 3643 2283 3708 13,
2309 3663 2366 3713 p.
2399 3638 2533 3707 115,

1510 3723 1585 3779 ait
1619 3724 1781 3778 fuisse
1821 3735 2039 3777 centum
2083 3737 2138 3777 et
2168 3739 2272 3776 xxv
2303 3717 2535 3774 millium

1512 3803 1646 3858 nris.
1680 3803 1750 3858 H.
1799 3835 1879 3846 —
1918 3803 2100 3870 Quum
2147 3799 2362 3854 librales
2407 3809 2539 3855 tuno

1514 3895 1685 3938 esseut
1709 3899 1879 3947 asses,
1910 3895 2126 3936 centum
2155 3877 2341 3931 decem
2372 3879 2539 3936 millia

1518 3965 1709 4018 assium
1752 3961 1995 4017 efficiunt
2041 3959 2243 4030 gallicae
2295 3961 2541 4016 nostratis

1517 4055 1746 4099 monetae
1773 4041 1938 4094 libras
1971 4035 2201 4110 57‚75o.
2230 4038 2399 4091 Bao-r.

1605 4139 1669 4176 11
1687 4161 1700 4172 .
1722 4121 1889 4174 Prima
1908 4119 2090 4173 elassis.
2112 4117 2191 4171 Ut
2215 4117 2401 4172 classes
2424 4139 2548 4174 cen-

2232 4203 2311 4273 34
