2975 4684
468 351 609 448 370

1014 347 1091 418 C.
1146 350 1477 420 PLINII
1524 349 1745 418 NAT.
1793 349 2052 416 HIST.

576 489 734 554 Post
768 505 923 556 eum
958 481 1237 555 eminuit
1270 478 1465 573 longe
1501 492 1656 548 ante
1695 501 1928 548 omnes
1965 477 2368 571 Euphranor
2409 477 2594 548 Isth-

472 593 675 676 mius‚
692 585 1069 682 olympiade
1090 586 1448 655 centesima
1468 597 1704 678 quarta
1725 635 1746 667 ,
1779 581 1954 652 idem
1985 585 2100 676 qui
2133 584 2303 652 inter
2325 583 2594 678 fictores

473 697 689 766 dictus
722 691 882 762 est¹⁹
928 718 967 765 a
1002 692 1211 770 nobis,
1255 692 1433 760 Fecit
1481 704 1552 758 et
1593 688 1920 770 εοΙοεεοε,
1971 703 2040 758 et
2092 712 2420 761 marmora
2441 738 2459 772 ‚
2509 713 2592 758 ae

473 801 759 896 scyphos
794 797 1060 892 scalpsit
1087 824 1099 862 ε
1144 795 1373 871 docilis
1410 819 1487 867 ae
1527 794 1892 864 laboriosus
1927 809 2080 862 ante
2111 819 2378 878 omnes,
2417 809 2484 864 et
2519 796 2592 862 in

472 929 891 1002 quocumque
918 928 1159 998 genere
1188 900 1510 970 excellens
1529 953 1550 986 ,
1587 924 1664 970 ac
1701 901 1820 970 sibi
1859 899 2162 992 aequalis.·
2181 903 2308 968 Hic
2338 901 2596 995 primus

471 1013 735 1093 videtur
768 1010 1155 1104 expressisse
1192 1008 1544 1101 dignitates
1582 1007 1900 1090 heroum,
1927 1021 1994 1076 et
2035 1029 2383 1100 usurpasse
2419 1032 2592 1100 sym-

476 1119 797 1200 metriam.
841 1115 971 1185 Sed
1014 1115 1137 1186 fuit
1178 1114 1605 1184 universitate
1638 1136 1994 1206 corporum
2023 1111 2336 1196 exilior’⁰,
2365 1112 2592 1206 eapiti-

474 1223 600 1294 bus
620 1220 1043 1315 articulisque
1076 1219 1405 1314 grandior.
1436 1217 1796 1288 Volumina
1822 1240 2084 1311 quoque
2111 1219 2486 1311 composuit
2509 1217 2595 1286 de

411 1339 443 1394 5
482 1315 857 1424 symmetria
908 1341 977 1396 et
1016 1325 1367 1397 coloribus.
1412 1327 1640 1419 Opera
1673 1325 1816 1418 ejus
1851 1339 2039 1411 sunt,
2089 1339 2391 1417 equestre
2427 1319 2622 1417 prae-⁶

478 1435 732 1520 lium²',
772 1431 1121 1505 duodecim
1162 1431 1353 1503 dii²²:
1388 1431 1714 1513 Theseus,
1754 1430 1824 1500 in
1865 1455 2000 1523 quo
2037 1429 2236 1513 dixit,
2287 1428 2596 1505 eumdem

476 1539 667 1636 apud·
691 1539 1109 1610 Parrhasium
1160 1561 1309 1606 rosa
1363 1551 1626 1631 pastum
1679 1524 1902 1622 esse²³‚
1943 1559 2132 1604 suum
2177 1560 2337 1605 vero
2375 1559 2598 1605 earne.

473 1644 749 1717 Nobiles
774 1646 917 1737 ejus
942 1643 1181 1715 tabulae
1210 1643 1494 1737 Ephesi,
1537 1640 1806 1734 Ulysses
1839 1639 2142 1712 simulata
2183 1643 2446 1712 vesania
2479 1640 2596 1710 bo-

476 1777 629 1820 vem
651 1773 995 1843 eumequo
1013 1749 1328 1841 jungens:
1356 1761 1423 1816 et
1446 1744 1694 1842 palliati
1719 1748 2120 1842 cogitantes:
2146 1746 2280 1819 dux
2305 1745 2596 1842 gladium

476 1846 849 1938 condensm‘.

586 1959 841 2035 Eodem
880 1973 1179 2051 tempore
1216 1957 1339 2026 fuit
1368 1971 1437 2026 et
1466 1947 1800 2050 Cydias²⁵,
1833 1957 2020 2050 cujus
2060 1956 2352 2030 tabulam
2391 1960 2595 2052 Argo·

480 2131 748 2196 xxx-Vl,
786 2149 901 2202 cap.
926 2134 1016 2192 ²4·
1041 2128 1219 2180 nnn.
1242 2158 1320 2170 -
1343 2127 1499 2181 AEdt‘·

482 2215 614 2266 lim.
636 2214 795 2264 Anno
806 2209 969 2262 Urbis
984 2205 1215 2260 condito
1241 2207 1496 2276 678.En.

570 2309 659 2360 194.
691 2290 827 2344 Inser-
842 2286 1042 2358 fiamus
1062 2285 1218 2340 dicem
1244 2298 1333 2340 est.
1373 2285 1492 2340 Lib.

484 2371 749 2434 XXXIV,
785 2387 900 2439 cap.
930 2383 1019 2436 19.
1038 2367 1221 2419 Hanu-

569 2468 658 2503 ιο.
684 2447 785 2499 Sed
796 2447 903 2514 fuit
928 2447 1229 2499 universitate
1253 2463 1501 2515 corpor-um

486 2527 675 2591 exilior,
701 2537 803 2579 etc.
833 2525 1072 2596 Corpora
1103 2535 1214 2577 tota
1240 2525 1367 2578 fecit
1392 2523 1504 2578 exi-

486 2607 652 2671 liora,
700 2602 980 2676 grandiora
1007 2602 1194 2675 eapite.
1230 2601 1393 2669 Quod
1420 2604 1499 2656 vi-

486 2686 620 2738 tium
650 2695 704 2736 et
734 2683 789 2736 in
816 2681 1046 2736 Zeuxide
1069 2695 1309 2737 notatum
1345 2701 1505 2752 supe-

488 2764 626 2827 rius,
650 2781 765 2834 cap.
790 2763 860 2816 36
886 2781 899 2816 :
926 2789 949 2810 α
978 2761 1407 2834 Deprehenditur
1426 2773 1505 2814 ta·

488 2861 611 2896 rnen
636 2841 823 2896 Zeuxis
844 2839 1100 2912 grandior
1119 2841 1175 2893 in
1209 2839 1501 2912 capitibus,

488 2921 843 2993 articulisque.
869 2946 894 2969 n·
924 2919 1108 2975 lisso.

574 3019 664 3054 at.
698 3001 933 3071 Equesm
955 2999 1195 3071 pralium.
1234 2997 1506 3052 Laudatur

488 3077 547 3132 id
571 3079 934 3151 Euphranoris
952 3097 1090 3149 opus
1112 3089 1165 3130 et
1181 3077 1472 3133 aPausania
1486 3114 1502 3135 ,

492 3159 652 3212 Attic.
694 3159 749 3224 1,
792 3176 913 3228 pag.
965 3159 1019 3212 ὅ.
1068 3159 1325 3229 Equestre
1369 3155 1505 3210 illud

489 3237 734 3310 prelium
754 3237 825 3288 ait
846 3236 1007 3290 fuisse
1022 3274 1039 3302 ,
1066 3237 1121 3289 in
1144 3252 1252 3307 quo
1265 3253 1331 3288 ex
1348 3235 1508 3289 Athe-

490 3315 763 3370 niensibus
830 3315 1080 3385 Gryllus,
1136 3313 1507 3384 Xenophontis

490 3396 661 3460 filius,
694 3411 725 3448 e
770 3394 965 3447 Bootis
1008 3391 1401 3465 Epaminondas
1448 3393 1506 3445 in

490 3474 679 3546 primis
696 3473 951 3526 claruere.
968 3469 1149 3524 Hann.

573 3573 665 3609 aa.
688 3551 953 3604 Duodecim
975 3549 1067 3601 dii.
1084 3565 1089 3570 ·
1104 3547 1303 3602 De'bae
1320 3549 1503 3619 pietu-

489 3653 551 3686 ra
593 3631 869 3698 Pausanias
918 3629 1022 3682 loe.
1062 3627 1151 3680 cit.
1204 3627 1508 3698 Elegantius

488 3731 618 3766 vero
642 3711 764 3765 Val.
790 3709 932 3763 Nax.
960 3706 1101 3772 vn,
1131 3725 1155 3760 1
1172 3723 1195 3759 ι
1214 3743 1231 3770 ,
1254 3724 1377 3778 pag.
1410 3711 1502 3772 46.

491 3791 587 3844 ni·
598 3791 676 3844 illi
692 3791 857 3843 Ennii
874 3785 1114 3841 versibus
1133 3786 1473 3840 eontinentur
1483 3803 1502 3839 ε

496 3895 521 3916 ·
556 3870 730 3934 suno,
768 3871 950 3927 vem,
994 3865 1260 3926 Minerva,
1301 3865 1503 3931 Ceres,

490 3945 691 4012 Diana,
720 3947 936 4012 Venus,
962 3931 1105 4000 bsai-s
1128 3963 1143 3999 ε
1174 3943 1502 4010 Mercurius,

1585 2127 1751 2192 Jovi'‚
1775 2129 2083 2201 Neptunus,
2103 2131 2374 2186 Volcanus
2389 2169 2406 2196 ,
2436 2132 2602 2204 Apol-

1581 2208 1656 2261 lo·
1684 2233 1708 2256 ι
1733 2208 1910 2261 Hanu-

1669 2306 1698 2340 α
1707 2287 1759 2340 3.
1773 2289 1825 2340 E
1825 2288 2007 2342 camdem
2019 2289 2155 2360 apud
2165 2290 2476 2345 Parrhasium
2491 2309 2604 2342 msa

1579 2378 1770 2436 pastum
1794 2387 1907 2420 esse.
1945 2365 2134 2421 Tradit
2170 2367 2354 2422 eadem
2380 2381 2432 2422 et
2475 2369 2600 2424 Plu·

1585 2447 1752 2499 tarch.
1775 2445 1843 2498 de
1868 2447 2036 2518 gloria
2061 2445 2260 2501 Athen.
2285 2448 2342 2511 1,
2369 2467 2424 2519 p.
2447 2449 2558 2513 546
2588 2469 2602 2500 ε

1591 2513 1758 2595 ὅσπερ
1783 2527 2040 2597 Εὐφράνωρ
2067 2529 2148 2580 τὸν
2175 2529 2348 2582 Θησέα
2374 2533 2458 2580 τοῦ
2489 2530 2606 2580 iau-

1586 2609 1696 2670 τοῦ,
1723 2611 1794 2676 τῷ
1821 2606 2100 2678 Πειῤῥασίου
2125 2603 2372 2676 “expies-lt
2387 2645 2402 2670 ,
2445 2607 2600 2676 λέγων

1586 2686 1668 2737 τὸν
1701 2683 1784 2754 μὲν
1811 2685 1988 2738 διαίνου
2021 2681 2144 2756 ῥόδα.
2175 2681 2492 2756 βιὸρωκίναι·
2517 2687 2602 2738 τὸν

1585 2758 1646 2816 δὲ
1671 2765 1843 2817 ἑαυτοῦ
1869 2766 1988 2834 apia.
2009 2765 2168 2830 βόεια..
2191 2761 2348 2816 Unde
2372 2762 2605 2818 Pintiani

1587 2841 1889 2896 emendatio
1906 2843 2239 2908 exsufflatur,
2255 2843 2406 2896 libris
2428 2843 2607 2897 invitis

1591 2922 1843 2975 omnibus
1869 2921 1940 2975 ita
1965 2923 2272 2988 scribentis,
2293 2942 2399 2975 mre
2413 2933 2604 2994 postem

1589 3019 1719 3064 esse,
1755 3019 1866 3052 non
1893 3005 2029 3054 rosis.
2053 3001 2236 3054 Hsnn.

1669 3084 1759 3142 24.
1811 3079 1886 3130 Et
1915 3081 2116 3150 palliati
2151 3083 2416 3150 cogitantes
2448 3099 2468 3134 .·
2505 3079 2604 3132 dus

1586 3157 1804 3227 gladium
1833 3159 2053 3212 condens.
2085 3159 2171 3212 Sic
2201 3159 2331 3231 neg.
2362 3181 2423 3225 a,
2451 3172 2605 3213 caete·

1586 3235 1742 3310 rique
1781 3237 2114 3308 probatiores
2159 3239 2284 3291 libri
2317 3239 2606 3312 primitivi,

1591 3315 1830 3388 typique.
1853 3315 2064 3370 Frustra
2078 3331 2224 3382 sunt,
2245 3319 2416 3388 quiex
2433 3317 2607 3370 nescio

1589 3413 1696 3466 quo
1715 3396 2002 3466 exemplari
2028 3395 2313 3461 inducunt,
2336 3425 2359 3446 ι
2375 3397 2441 3451 Et
2461 3397 2610 3450 Pala·

1589 3471 1770 3536 medes
1783 3474 1891 3528 dux
1911 3473 2046 3528 fasce
2068 3475 2302 3545 gladium
2317 3475 2600 3529 condens.-

1591 3551 1794 3608 Plinius
1818 3553 2039 3608 inferius
2075 3555 2268 3610 iterum
2285 3594 2302 3622 ,
2330 3555 2398 3610 de
2425 3555 2612 3608 Timo-

1593 3632 1772 3686 maebi
1799 3633 2009 3704 pictura
2034 3651 2049 3687 :
2072 3661 2093 3683 ι
2115 3634 2320 3688 Palliati
2335 3672 2352 3698 ,
2378 3653 2512 3706 quos
2533 3632 2614 3686 di-

1589 3721 1768 3765 cturos
1817 3713 2022 3783 pinxit,
2075 3713 2298 3768 alterum
2337 3724 2562 3766 stantem
2595 3749 2613 3777 ,

1589 3789 1812 3844 alterum
1841 3789 2126 3845 sedentem.
2157 3817 2180 3838 ·
2219 3791 2398 3844 Hui).

1674 3869 1765 3922 25.
1799 3871 1872 3922 Ee
1893 3871 2089 3942 Cydias.
2109 3865 2303 3929 Κυδίας
2329 3865 2612 3922 Eustathio

1591 3944 1648 3998 in
1679 3949 1837 4002 Dion.
1869 3969 1919 4003 v.
1948 3949 2058 4002 526
2078 3986 2096 4012 ,
2137 3948 2230 4002 ubi
2259 3947 2402 4001 hune
2432 3946 2608 4020 picto·
