<?xml version="1.0" encoding="UTF-8"?>
<!DOCTYPE html PUBLIC "-//W3C//DTD XHTML 1.0 Transitional//EN"
    "http://www.w3.org/TR/xhtml1/DTD/xhtml1-transitional.dtd">
<html xmlns="http://www.w3.org/1999/xhtml" xml:lang="en" lang="en">
 <head>
  <title>
</title>
<meta http-equiv="Content-Type" content="text/html;charset=utf-8" />
  <meta name='ocr-system' content='tesseract 3.04.00' />
  <meta name='ocr-capabilities' content='ocr_page ocr_carea ocr_par ocr_line ocrx_word'/>
</head>
<body>
  <div class='ocr_page' id='page_1' title='image "./historinaturali00mgoog_0447.png"; bbox 0 0 2975 4684; ppageno 0'>
   <div class='ocr_carea' id='block_1_1' title="bbox 475 294 615 379">
    <p class='ocr_par' dir='ltr' id='par_1_1' title="bbox 475 294 615 379">
     <span class='ocr_line' id='line_1_1' title="bbox 475 294 615 379; baseline -0.014 -12"><span class='ocrx_word' id='word_1_1' title='bbox 475 294 615 379; x_wconf 74' lang='lat'><strong>438</strong></span> 
     </span>
    </p>
   </div>
   <div class='ocr_carea' id='block_1_2' title="bbox 1022 293 2133 365">
    <p class='ocr_par' dir='ltr' id='par_1_2' title="bbox 1022 293 2133 365">
     <span class='ocr_line' id='line_1_2' title="bbox 1022 293 2133 365; baseline -0.001 -4"><span class='ocrx_word' id='word_1_2' title='bbox 1022 294 1096 362; x_wconf 91' lang='lat' dir='ltr'><strong>C.</strong></span> <span class='ocrx_word' id='word_1_3' title='bbox 1147 294 1479 365; x_wconf 87' lang='lat' dir='ltr'>PLINII</span> <span class='ocrx_word' id='word_1_4' title='bbox 1530 294 1737 361; x_wconf 80' lang='lat' dir='ltr'><strong>NAT.</strong></span> <span class='ocrx_word' id='word_1_5' title='bbox 1791 293 2045 361; x_wconf 87' lang='lat' dir='ltr'><strong>HIST.</strong></span> <span class='ocrx_word' id='word_1_6' title='bbox 2125 296 2133 301; x_wconf 60' lang='lat'><strong>⁴</strong></span> 
     </span>
    </p>
   </div>
   <div class='ocr_carea' id='block_1_3' title="bbox 468 425 2598 1368">
    <p class='ocr_par' dir='ltr' id='par_1_3' title="bbox 468 425 2598 1368">
     <span class='ocr_line' id='line_1_3' title="bbox 572 425 2598 515; baseline 0.003 -20"><span class='ocrx_word' id='word_1_7' title='bbox 572 430 636 495; x_wconf 89' lang='lat' dir='ltr'>N</span> <span class='ocrx_word' id='word_1_8' title='bbox 638 452 725 497; x_wconf 83' lang='lat' dir='ltr'><strong>on</strong></span> <span class='ocrx_word' id='word_1_9' title='bbox 757 425 1197 497; x_wconf 87' lang='lat' dir='ltr'><strong>omittendum</strong></span> <span class='ocrx_word' id='word_1_10' title='bbox 1213 480 1233 509; x_wconf 90' lang='lat'><strong>,</strong></span> <span class='ocrx_word' id='word_1_11' title='bbox 1260 428 1437 496; x_wconf 89' lang='lat' dir='ltr'><strong>hanc</strong></span> <span class='ocrx_word' id='word_1_12' title='bbox 1460 440 1670 495; x_wconf 87' lang='lat' dir='ltr'><strong>artem</strong></span> <span class='ocrx_word' id='word_1_13' title='bbox 1697 440 1885 495; x_wconf 86' lang='lat' dir='ltr'><strong>tanto</strong></span> <span class='ocrx_word' id='word_1_14' title='bbox 1913 426 2338 495; x_wconf 75' lang='lat' dir='ltr'><strong>vetustiorem</strong></span> <span class='ocrx_word' id='word_1_15' title='bbox 2363 426 2598 515; x_wconf 67' lang='lat' dir='ltr'><strong>finisse,</strong></span> 
     </span>
     <span class='ocr_line' id='line_1_4' title="bbox 471 532 2594 628; baseline 0 -25"><span class='ocrx_word' id='word_1_16' title='bbox 471 557 669 628; x_wconf 85' lang='lat' dir='ltr'><strong>quam</strong></span> <span class='ocrx_word' id='word_1_17' title='bbox 726 532 1051 627; x_wconf 85' lang='lat' dir='ltr'><strong>picturam</strong></span> <span class='ocrx_word' id='word_1_18' title='bbox 1072 584 1091 615; x_wconf 93' lang='lat'><strong>,</strong></span> <span class='ocrx_word' id='word_1_19' title='bbox 1144 547 1262 601; x_wconf 85' lang='lat' dir='ltr'><strong>aut</strong></span> <span class='ocrx_word' id='word_1_20' title='bbox 1309 534 1723 618; x_wconf 81' lang='lat' dir='ltr'><strong>statuariam,</strong></span> <span class='ocrx_word' id='word_1_21' title='bbox 1783 556 2066 625; x_wconf 86' lang='lat' dir='ltr'><strong>quarum</strong></span> <span class='ocrx_word' id='word_1_22' title='bbox 2113 544 2388 626; x_wconf 84' lang='lat' dir='ltr'><strong>utraque</strong></span> <span class='ocrx_word' id='word_1_23' title='bbox 2435 532 2594 603; x_wconf 81' lang='lat' dir='ltr'><strong>cum</strong></span> 
     </span>
     <span class='ocr_line' id='line_1_5' title="bbox 468 638 2596 737; baseline -0 -27"><span class='ocrx_word' id='word_1_24' title='bbox 468 639 701 709; x_wconf 82' lang='lat' dir='ltr'><strong>Phidia</strong></span> <span class='ocrx_word' id='word_1_25' title='bbox 730 639 932 737; x_wconf 82' lang='lat' dir='ltr'><strong>eoepit</strong></span> <span class='ocrx_word' id='word_1_26' title='bbox 957 662 1237 711; x_wconf 77' lang='lat' dir='ltr'><strong>Lxxxnt</strong></span> <span class='ocrx_word' id='word_1_27' title='bbox 1268 638 1700 734; x_wconf 84' lang='lat' dir='ltr'><strong>Olympiade,</strong></span> <span class='ocrx_word' id='word_1_28' title='bbox 1728 652 1880 731; x_wconf 91' lang='lat' dir='ltr'><strong>post</strong></span> <span class='ocrx_word' id='word_1_29' title='bbox 1915 662 2124 707; x_wconf 85' lang='lat' dir='ltr'><strong>annos</strong></span> <span class='ocrx_word' id='word_1_30' title='bbox 2159 640 2419 707; x_wconf 86' lang='lat' dir='ltr'><strong>circiter</strong></span> <span class='ocrx_word' id='word_1_31' title='bbox 2462 656 2596 709; x_wconf 84' lang='lat' dir='ltr'><strong>tre·</strong></span> 
     </span>
     <span class='ocr_line' id='line_1_6' title="bbox 470 743 2598 839; baseline 0 -24"><span class='ocrx_word' id='word_1_32' title='bbox 470 744 748 815; x_wconf 82' lang='lat' dir='ltr'><strong>centos²‘</strong></span> <span class='ocrx_word' id='word_1_33' title='bbox 780 746 1045 838; x_wconf 85' lang='lat' dir='ltr'><strong>triginta</strong></span> <span class='ocrx_word' id='word_1_34' title='bbox 1068 744 1253 813; x_wconf 88' lang='lat' dir='ltr'><strong>duos.</strong></span> <span class='ocrx_word' id='word_1_35' title='bbox 1272 748 1359 814; x_wconf 91' lang='lat' dir='ltr'><strong>Et</strong></span> <span class='ocrx_word' id='word_1_36' title='bbox 1385 747 1601 839; x_wconf 87' lang='lat' dir='ltr'><strong>ipsum</strong></span> <span class='ocrx_word' id='word_1_37' title='bbox 1635 743 1931 813; x_wconf 87' lang='lat' dir='ltr'><strong>Phidiam</strong></span> <span class='ocrx_word' id='word_1_38' title='bbox 1955 744 2228 812; x_wconf 87' lang='lat' dir='ltr'><strong>tradunt</strong></span> <span class='ocrx_word' id='word_1_39' title='bbox 2254 744 2598 839; x_wconf 75' lang='lat' dir='ltr'><strong>scalpsisse</strong></span> 
     </span>
     <span class='ocr_line' id='line_1_7' title="bbox 469 850 2596 945; baseline 0 -26"><span class='ocrx_word' id='word_1_40' title='bbox 469 873 833 935; x_wconf 85' lang='lat' dir='ltr'><strong>marmora,</strong></span> <span class='ocrx_word' id='word_1_41' title='bbox 864 854 1323 943; x_wconf 84' lang='lat' dir='ltr'><strong>Veneremque</strong></span> <span class='ocrx_word' id='word_1_42' title='bbox 1358 851 1498 945; x_wconf 87' lang='lat' dir='ltr'><strong>ejus</strong></span> <span class='ocrx_word' id='word_1_43' title='bbox 1527 876 1667 919; x_wconf 86' lang='lat' dir='ltr'><strong>esse</strong></span> <span class='ocrx_word' id='word_1_44' title='bbox 1697 850 1978 919; x_wconf 80' lang='lat' dir='ltr'><strong>Romae²²</strong></span> <span class='ocrx_word' id='word_1_45' title='bbox 2011 851 2076 918; x_wconf 88' lang='lat' dir='ltr'><strong>in</strong></span> <span class='ocrx_word' id='word_1_46' title='bbox 2115 852 2412 919; x_wconf 84' lang='lat' dir='ltr'><strong>Octaviae</strong></span> <span class='ocrx_word' id='word_1_47' title='bbox 2441 876 2596 945; x_wconf 88' lang='lat' dir='ltr'><strong>ope-</strong></span> 
     </span>
     <span class='ocr_line' id='line_1_8' title="bbox 470 944 2594 1050; baseline 0 -25"><span class='ocrx_word' id='word_1_48' title='bbox 470 954 653 1025; x_wconf 86' lang='lat' dir='ltr'><strong>ribus</strong></span> <span class='ocrx_word' id='word_1_49' title='bbox 669 944 715 982; x_wconf 85' lang='lat'><strong>²³</strong></span> <span class='ocrx_word' id='word_1_50' title='bbox 750 957 1001 1025; x_wconf 78' lang='lat' dir='ltr'><strong>eximiae</strong></span> <span class='ocrx_word' id='word_1_51' title='bbox 1034 956 1559 1050; x_wconf 87' lang='lat' dir='ltr'><strong>pulchritudinis.</strong></span> <span class='ocrx_word' id='word_1_52' title='bbox 1607 954 2028 1027; x_wconf 82' lang='lat' dir='ltr'><strong>Alcamenem</strong></span> <span class='ocrx_word' id='word_1_53' title='bbox 2048 948 2096 990; x_wconf 79' lang='lat'><strong>²⁴</strong></span> <span class='ocrx_word' id='word_1_54' title='bbox 2127 948 2594 1025; x_wconf 77' lang='lat' dir='ltr'><strong>Atheniensem</strong></span> 
     </span>
     <span class='ocr_line' id='line_1_9' title="bbox 475 1056 2598 1155; baseline -0 -25"><span class='ocrx_word' id='word_1_55' title='bbox 475 1056 700 1155; x_wconf 88' lang='lat' dir='ltr'><strong>(quod</strong></span> <span class='ocrx_word' id='word_1_56' title='bbox 737 1076 991 1131; x_wconf 89' lang='lat' dir='ltr'><strong>certum</strong></span> <span class='ocrx_word' id='word_1_57' title='bbox 1029 1057 1171 1151; x_wconf 90' lang='lat' dir='ltr'><strong>est)</strong></span> <span class='ocrx_word' id='word_1_58' title='bbox 1206 1063 1435 1132; x_wconf 88' lang='lat' dir='ltr'><strong>docuit</strong></span> <span class='ocrx_word' id='word_1_59' title='bbox 1468 1064 1539 1131; x_wconf 88' lang='lat' dir='ltr'><strong>in</strong></span> <span class='ocrx_word' id='word_1_60' title='bbox 1581 1063 1809 1155; x_wconf 88' lang='lat' dir='ltr'><strong>primis</strong></span> <span class='ocrx_word' id='word_1_61' title='bbox 1849 1061 2136 1131; x_wconf 90' lang='lat' dir='ltr'><strong>nobilem</strong></span> <span class='ocrx_word' id='word_1_62' title='bbox 2157 1116 2178 1149; x_wconf 93' lang='lat'><strong>,</strong></span> <span class='ocrx_word' id='word_1_63' title='bbox 2219 1062 2410 1154; x_wconf 86' lang='lat' dir='ltr'><strong>cujus</strong></span> <span class='ocrx_word' id='word_1_64' title='bbox 2443 1076 2598 1131; x_wconf 86' lang='lat' dir='ltr'><strong>sunt</strong></span> 
     </span>
     <span class='ocr_line' id='line_1_10' title="bbox 476 1167 2596 1263; baseline 0 -27"><span class='ocrx_word' id='word_1_65' title='bbox 476 1192 676 1261; x_wconf 85' lang='lat' dir='ltr'><strong>opera</strong></span> <span class='ocrx_word' id='word_1_66' title='bbox 724 1168 1004 1239; x_wconf 83' lang='lat' dir='ltr'><strong>Athenis</strong></span> <span class='ocrx_word' id='word_1_67' title='bbox 1053 1167 1392 1263; x_wconf 88' lang='lat' dir='ltr'><strong>complura</strong></span> <span class='ocrx_word' id='word_1_68' title='bbox 1452 1169 1520 1236; x_wconf 90' lang='lat' dir='ltr'><strong>in</strong></span> <span class='ocrx_word' id='word_1_69' title='bbox 1576 1167 1824 1237; x_wconf 77' lang='lat' dir='ltr'><strong>aedibus</strong></span> <span class='ocrx_word' id='word_1_70' title='bbox 1867 1169 2110 1254; x_wconf 88' lang='lat' dir='ltr'><strong>sacris,</strong></span> <span class='ocrx_word' id='word_1_71' title='bbox 2153 1167 2596 1263; x_wconf 84' lang='lat' dir='ltr'><strong>praeclaraque</strong></span> 
     </span>
     <span class='ocr_line' id='line_1_11' title="bbox 474 1262 2595 1368; baseline -0.001 -27"><span class='ocrx_word' id='word_1_72' title='bbox 474 1262 754 1343; x_wconf 82' lang='lat' dir='ltr'><strong>Venus²⁵</strong></span> <span class='ocrx_word' id='word_1_73' title='bbox 774 1287 957 1342; x_wconf 87' lang='lat' dir='ltr'><strong>extra</strong></span> <span class='ocrx_word' id='word_1_74' title='bbox 982 1298 1238 1356; x_wconf 92' lang='lat' dir='ltr'><strong>muros,</strong></span> <span class='ocrx_word' id='word_1_75' title='bbox 1258 1299 1405 1368; x_wconf 86' lang='lat' dir='ltr'><strong>quae</strong></span> <span class='ocrx_word' id='word_1_76' title='bbox 1424 1272 1796 1368; x_wconf 87' lang='lat' dir='ltr'><strong>appellatur</strong></span> <span class='ocrx_word' id='word_1_77' title='bbox 1809 1272 2175 1367; x_wconf 87' lang='lat' dir='ltr'><strong>Aphrodite</strong></span> <span class='ocrx_word' id='word_1_78' title='bbox 2203 1279 2262 1343; x_wconf 74' lang='grc' dir='ltr'><strong>ἐν</strong></span> <span class='ocrx_word' id='word_1_79' title='bbox 2285 1262 2595 1352; x_wconf 38' lang='lat' dir='ltr'><strong>Kame&amp;</strong></span> 
     </span>
    </p>
   </div>
   <div class='ocr_carea' id='block_1_4' title="bbox 380 1477 1500 3848">
    <p class='ocr_par' dir='ltr' id='par_1_4' title="bbox 471 1477 1491 1547">
     <span class='ocr_line' id='line_1_12' title="bbox 471 1477 1491 1547; baseline 0.001 -18"><span class='ocrx_word' id='word_1_80' title='bbox 471 1478 784 1547; x_wconf 79' lang='lat' dir='ltr'><strong>Hieronymi</strong></span> <span class='ocrx_word' id='word_1_81' title='bbox 820 1479 993 1547; x_wconf 72' lang='lat' dir='ltr'><strong>imago</strong></span> <span class='ocrx_word' id='word_1_82' title='bbox 1032 1477 1359 1543; x_wconf 82' lang='lat' dir='ltr'><strong>ostenditur3</strong></span> <span class='ocrx_word' id='word_1_83' title='bbox 1381 1480 1491 1530; x_wconf 88' lang='lat' dir='ltr'><strong>Ve-</strong></span> 
     </span>
    </p>

    <p class='ocr_par' dir='ltr' id='par_1_5' title="bbox 380 1556 1494 1709">
     <span class='ocr_line' id='line_1_13' title="bbox 380 1556 1494 1629; baseline -0.002 -20"><span class='ocrx_word' id='word_1_84' title='bbox 380 1624 385 1629; x_wconf 27' lang='lat'>¹</span> <span class='ocrx_word' id='word_1_85' title='bbox 468 1557 649 1623; x_wconf 82' lang='lat' dir='ltr'><strong>netiis,</strong></span> <span class='ocrx_word' id='word_1_86' title='bbox 678 1557 734 1609; x_wconf 88' lang='lat' dir='ltr'><strong>in</strong></span> <span class='ocrx_word' id='word_1_87' title='bbox 753 1556 867 1610; x_wconf 78' lang='lat' dir='ltr'><strong>aede</strong></span> <span class='ocrx_word' id='word_1_88' title='bbox 898 1556 1009 1611; x_wconf 84' lang='lat' dir='ltr'><strong>divi</strong></span> <span class='ocrx_word' id='word_1_89' title='bbox 1032 1558 1275 1629; x_wconf 81' lang='lat' dir='ltr'><strong>Georgii,</strong></span> <span class='ocrx_word' id='word_1_90' title='bbox 1300 1558 1494 1611; x_wconf 79' lang='lat' dir='ltr'><strong>clarior</strong></span> 
     </span>
     <span class='ocr_line' id='line_1_14' title="bbox 473 1636 1494 1709; baseline -0.001 -21"><span class='ocrx_word' id='word_1_91' title='bbox 473 1639 647 1707; x_wconf 81' lang='lat' dir='ltr'><strong>imago</strong></span> <span class='ocrx_word' id='word_1_92' title='bbox 700 1637 975 1691; x_wconf 79' lang='lat' dir='ltr'><strong>crucifixi.</strong></span> <span class='ocrx_word' id='word_1_93' title='bbox 1008 1636 1137 1690; x_wconf 82' lang='lat' dir='ltr'><strong>vid.</strong></span> <span class='ocrx_word' id='word_1_94' title='bbox 1188 1638 1383 1709; x_wconf 70' lang='lat' dir='ltr'><strong>Vuyag.</strong></span> <span class='ocrx_word' id='word_1_95' title='bbox 1432 1636 1494 1688; x_wconf 79' lang='lat' dir='ltr'><strong>de</strong></span> 
     </span>
    </p>

    <p class='ocr_par' dir='ltr' id='par_1_6' title="bbox 470 1718 1410 1789">
     <span class='ocr_line' id='line_1_15' title="bbox 470 1718 1410 1789; baseline -0.001 -20"><span class='ocrx_word' id='word_1_96' title='bbox 470 1718 549 1771; x_wconf 78' lang='lat' dir='ltr'><strong>M.</strong></span> <span class='ocrx_word' id='word_1_97' title='bbox 576 1734 651 1769; x_wconf 73' lang='lat' dir='ltr'><strong>nn</strong></span> <span class='ocrx_word' id='word_1_98' title='bbox 674 1718 1056 1789; x_wconf 72' lang='lat' dir='ltr'><strong>Bnnvns,.pag.</strong></span> <span class='ocrx_word' id='word_1_99' title='bbox 1090 1736 1216 1787; x_wconf 85' lang='lat'>¹77·</span> <span class='ocrx_word' id='word_1_100' title='bbox 1244 1718 1410 1769; x_wconf 66' lang='lat' dir='ltr'><strong>Bnor.</strong></span> 
     </span>
    </p>

    <p class='ocr_par' dir='ltr' id='par_1_7' title="bbox 470 1796 1500 2959">
     <span class='ocr_line' id='line_1_16' title="bbox 556 1796 1495 1869; baseline 0 -22"><span class='ocrx_word' id='word_1_101' title='bbox 556 1814 583 1847; x_wconf 72' lang='lat' dir='ltr'><strong>a</strong></span> <span class='ocrx_word' id='word_1_102' title='bbox 600 1814 621 1848; x_wconf 79' lang='lat'>1</span> <span class='ocrx_word' id='word_1_103' title='bbox 637 1834 649 1847; x_wconf 92' lang='lat'><strong><em>.</em></strong></span> <span class='ocrx_word' id='word_1_104' title='bbox 663 1798 931 1848; x_wconf 78' lang='lat' dir='ltr'><strong>Trecentos.</strong></span> <span class='ocrx_word' id='word_1_105' title='bbox 947 1796 1025 1847; x_wconf 75' lang='lat' dir='ltr'><strong>Ab</strong></span> <span class='ocrx_word' id='word_1_106' title='bbox 1040 1797 1295 1849; x_wconf 83' lang='lat' dir='ltr'><strong>institutis</strong></span> <span class='ocrx_word' id='word_1_107' title='bbox 1309 1797 1495 1869; x_wconf 83' lang='lat' dir='ltr'><strong>Olym-</strong></span> 
     </span>
     <span class='ocr_line' id='line_1_17' title="bbox 474 1873 1489 1945; baseline 0.003 -21"><span class='ocrx_word' id='word_1_108' title='bbox 474 1873 736 1944; x_wconf 78' lang='lat' dir='ltr'><strong>piadihus.</strong></span> <span class='ocrx_word' id='word_1_109' title='bbox 755 1874 888 1925; x_wconf 84' lang='lat' dir='ltr'><strong>Nam</strong></span> <span class='ocrx_word' id='word_1_110' title='bbox 917 1874 996 1925; x_wconf 82' lang='lat' dir='ltr'><strong>uti</strong></span> <span class='ocrx_word' id='word_1_111' title='bbox 1008 1875 1217 1927; x_wconf 85' lang='lat' dir='ltr'><strong>’Plinius</strong></span> <span class='ocrx_word' id='word_1_112' title='bbox 1240 1876 1345 1927; x_wconf 87' lang='lat' dir='ltr'><strong>hoc</strong></span> <span class='ocrx_word' id='word_1_113' title='bbox 1378 1894 1489 1945; x_wconf 86' lang='lat' dir='ltr'><strong>cap.</strong></span> 
     </span>
     <span class='ocr_line' id='line_1_18' title="bbox 470 1948 1492 2025; baseline 0.004 -22"><span class='ocrx_word' id='word_1_114' title='bbox 470 1950 611 2004; x_wconf 81' lang='lat' dir='ltr'><strong>dixit</strong></span> <span class='ocrx_word' id='word_1_115' title='bbox 628 1991 642 2016; x_wconf 91' lang='lat'><strong>,</strong></span> <span class='ocrx_word' id='word_1_116' title='bbox 667 1948 699 2012; x_wconf 74' lang='lat' dir='ltr'>S</span> <span class='ocrx_word' id='word_1_117' title='bbox 720 1972 747 2005; x_wconf 70' lang='lat' dir='ltr'><strong>a</strong></span> <span class='ocrx_word' id='word_1_118' title='bbox 774 1970 789 2005; x_wconf 76' lang='grc' dir='ltr'><strong><em>ε</em></strong></span> <span class='ocrx_word' id='word_1_119' title='bbox 810 1966 853 1999; x_wconf 76' lang='grc' dir='ltr'>ἰ</span> <span class='ocrx_word' id='word_1_120' title='bbox 872 1953 930 2004; x_wconf 87' lang='lat' dir='ltr'><strong>Si</strong></span> <span class='ocrx_word' id='word_1_121' title='bbox 958 1954 1075 2023; x_wconf 77' lang='lat' dir='ltr'><strong>quis</strong></span> <span class='ocrx_word' id='word_1_122' title='bbox 1096 1956 1285 2025; x_wconf 82' lang='lat' dir='ltr'><strong>Bupali</strong></span> <span class='ocrx_word' id='word_1_123' title='bbox 1307 1968 1357 2007; x_wconf 87' lang='lat' dir='ltr'><strong>et</strong></span> <span class='ocrx_word' id='word_1_124' title='bbox 1382 1957 1492 2007; x_wconf 81' lang='lat' dir='ltr'><strong>An·</strong></span> 
     </span>
     <span class='ocr_line' id='line_1_19' title="bbox 472 2031 1494 2105; baseline 0.003 -22"><span class='ocrx_word' id='word_1_125' title='bbox 472 2032 669 2083; x_wconf 82' lang='lat' dir='ltr'><strong>thermi</strong></span> <span class='ocrx_word' id='word_1_126' title='bbox 688 2032 941 2085; x_wconf 81' lang='lat' dir='ltr'><strong>familiam</strong></span> <span class='ocrx_word' id='word_1_127' title='bbox 958 2031 1028 2085; x_wconf 85' lang='lat' dir='ltr'><strong>ad</strong></span> <span class='ocrx_word' id='word_1_128' title='bbox 1048 2052 1305 2103; x_wconf 81' lang='lat' dir='ltr'><strong>proavum</strong></span> <span class='ocrx_word' id='word_1_129' title='bbox 1330 2052 1494 2105; x_wconf 87' lang='lat' dir='ltr'><strong>usque</strong></span> 
     </span>
     <span class='ocr_line' id='line_1_20' title="bbox 472 2112 1491 2181; baseline 0.004 -20"><span class='ocrx_word' id='word_1_130' title='bbox 472 2115 618 2161; x_wconf 82' lang='lat' dir='ltr'><strong>retro</strong></span> <span class='ocrx_word' id='word_1_131' title='bbox 644 2122 789 2179; x_wconf 83' lang='lat' dir='ltr'><strong>agat,</strong></span> <span class='ocrx_word' id='word_1_132' title='bbox 822 2112 1057 2163; x_wconf 78' lang='lat' dir='ltr'><strong>inveniet</strong></span> <span class='ocrx_word' id='word_1_133' title='bbox 1092 2112 1215 2163; x_wconf 77' lang='lat' dir='ltr'><strong>artis</strong></span> <span class='ocrx_word' id='word_1_134' title='bbox 1250 2116 1360 2181; x_wconf 86' lang='lat' dir='ltr'><strong>ejus</strong></span> <span class='ocrx_word' id='word_1_135' title='bbox 1386 2114 1491 2165; x_wconf 88' lang='lat' dir='ltr'><strong>ori-</strong></span> 
     </span>
     <span class='ocr_line' id='line_1_21' title="bbox 472 2189 1496 2261; baseline 0.002 -20"><span class='ocrx_word' id='word_1_136' title='bbox 472 2190 651 2259; x_wconf 77' lang='lat' dir='ltr'><strong>ginem</strong></span> <span class='ocrx_word' id='word_1_137' title='bbox 696 2208 819 2241; x_wconf 87' lang='lat' dir='ltr'><strong>cum</strong></span> <span class='ocrx_word' id='word_1_138' title='bbox 862 2189 1246 2259; x_wconf 80' lang='lat' dir='ltr'><strong>olympiadum</strong></span> <span class='ocrx_word' id='word_1_139' title='bbox 1290 2192 1496 2261; x_wconf 85' lang='lat' dir='ltr'><strong>origine</strong></span> 
     </span>
     <span class='ocr_line' id='line_1_22' title="bbox 474 2268 1497 2340; baseline 0.001 -18"><span class='ocrx_word' id='word_1_140' title='bbox 474 2268 709 2339; x_wconf 82' lang='lat' dir='ltr'><strong>coepisse·</strong></span> <span class='ocrx_word' id='word_1_141' title='bbox 736 2295 759 2316; x_wconf 72' lang='lat' dir='ltr'><strong>a·</strong></span> <span class='ocrx_word' id='word_1_142' title='bbox 772 2270 841 2321; x_wconf 89' lang='lat' dir='ltr'><strong>Et</strong></span> <span class='ocrx_word' id='word_1_143' title='bbox 859 2287 981 2321; x_wconf 82' lang='lat' dir='ltr'><strong>sane</strong></span> <span class='ocrx_word' id='word_1_144' title='bbox 996 2269 1339 2340; x_wconf 79' lang='lat' dir='ltr'><strong>Olympiades</strong></span> <span class='ocrx_word' id='word_1_145' title='bbox 1350 2282 1497 2323; x_wconf 91' lang='lat' dir='ltr'><strong>octo-</strong></span> 
     </span>
     <span class='ocr_line' id='line_1_23' title="bbox 472 2349 1496 2423; baseline -0.003 -20"><span class='ocrx_word' id='word_1_146' title='bbox 472 2350 617 2419; x_wconf 70' lang='lat' dir='ltr'><strong>ginta</strong></span> <span class='ocrx_word' id='word_1_147' title='bbox 658 2362 761 2403; x_wconf 91' lang='lat' dir='ltr'><strong>tres</strong></span> <span class='ocrx_word' id='word_1_148' title='bbox 808 2349 1083 2419; x_wconf 82' lang='lat' dir='ltr'><strong>completae</strong></span> <span class='ocrx_word' id='word_1_149' title='bbox 1129 2368 1293 2403; x_wconf 83' lang='lat' dir='ltr'><strong>annos</strong></span> <span class='ocrx_word' id='word_1_150' title='bbox 1342 2350 1496 2423; x_wconf 82' lang='lat' dir='ltr'><strong>plane</strong></span> 
     </span>
     <span class='ocr_line' id='line_1_24' title="bbox 472 2426 1494 2495; baseline 0.003 -16"><span class='ocrx_word' id='word_1_151' title='bbox 472 2426 695 2479; x_wconf 87' lang='lat' dir='ltr'><strong>totidem</strong></span> <span class='ocrx_word' id='word_1_152' title='bbox 714 2428 971 2490; x_wconf 84' lang='lat' dir='ltr'><strong>efficiunt,</strong></span> <span class='ocrx_word' id='word_1_153' title='bbox 989 2428 1093 2481; x_wconf 87' lang='lat' dir='ltr'><strong>hoc</strong></span> <span class='ocrx_word' id='word_1_154' title='bbox 1108 2442 1204 2495; x_wconf 86' lang='lat' dir='ltr'><strong>est,</strong></span> <span class='ocrx_word' id='word_1_155' title='bbox 1222 2448 1494 2486; x_wconf 73' lang='lat' dir='ltr'><strong>cccxxxix.</strong></span> 
     </span>
     <span class='ocr_line' id='line_1_25' title="bbox 471 2506 1500 2579; baseline 0.003 -21"><span class='ocrx_word' id='word_1_156' title='bbox 471 2506 629 2559; x_wconf 83' lang='lat' dir='ltr'><strong>Hunc</strong></span> <span class='ocrx_word' id='word_1_157' title='bbox 683 2507 864 2559; x_wconf 88' lang='lat' dir='ltr'><strong>locum</strong></span> <span class='ocrx_word' id='word_1_158' title='bbox 919 2513 1239 2579; x_wconf 79' lang='lat' dir='ltr'><strong>prae&#39;poatere</strong></span> <span class='ocrx_word' id='word_1_159' title='bbox 1297 2509 1500 2579; x_wconf 81' lang='lat' dir='ltr'><strong>accepit</strong></span> 
     </span>
     <span class='ocr_line' id='line_1_26' title="bbox 471 2585 1496 2655; baseline 0.003 -18"><span class='ocrx_word' id='word_1_160' title='bbox 471 2585 633 2637; x_wconf 84' lang='lat' dir='ltr'><strong>Mars.</strong></span> <span class='ocrx_word' id='word_1_161' title='bbox 680 2586 975 2655; x_wconf 70' lang='lat' dir='ltr'><strong>Cognatas,</strong></span> <span class='ocrx_word' id='word_1_162' title='bbox 1004 2588 1161 2641; x_wconf 81' lang='lat' dir='ltr'><strong>Varr.</strong></span> <span class='ocrx_word' id='word_1_163' title='bbox 1201 2589 1356 2643; x_wconf 85' lang='lat' dir='ltr'><strong>Obss.</strong></span> <span class='ocrx_word' id='word_1_164' title='bbox 1394 2591 1496 2653; x_wconf 81' lang='lat' dir='ltr'><strong>lv,</strong></span> 
     </span>
     <span class='ocr_line' id='line_1_27' title="bbox 474 2666 1498 2739; baseline 0.002 -20"><span class='ocrx_word' id='word_1_165' title='bbox 474 2666 507 2719; x_wconf 84' lang='lat'>8</span> <span class='ocrx_word' id='word_1_166' title='bbox 524 2703 540 2727; x_wconf 94' lang='lat'><strong>,</strong></span> <span class='ocrx_word' id='word_1_167' title='bbox 566 2682 685 2735; x_wconf 81' lang='lat' dir='ltr'><strong>pag.</strong></span> <span class='ocrx_word' id='word_1_168' title='bbox 712 2669 839 2735; x_wconf 78' lang='lat'><strong>267,</strong></span> <span class='ocrx_word' id='word_1_169' title='bbox 868 2666 1092 2737; x_wconf 85' lang='lat' dir='ltr'><strong>perinde</strong></span> <span class='ocrx_word' id='word_1_170' title='bbox 1118 2671 1265 2739; x_wconf 70' lang='lat' dir='ltr'><strong>quiesi</strong></span> <span class='ocrx_word' id='word_1_171' title='bbox 1293 2669 1498 2722; x_wconf 82' lang='lat' dir='ltr'><strong>Plinius</strong></span> 
     </span>
     <span class='ocr_line' id='line_1_28' title="bbox 471 2743 1498 2816; baseline 0.006 -21"><span class='ocrx_word' id='word_1_172' title='bbox 471 2743 723 2797; x_wconf 83' lang='lat' dir='ltr'><strong>voluisset</strong></span> <span class='ocrx_word' id='word_1_173' title='bbox 765 2745 1143 2816; x_wconf 77' lang='lat' dir='ltr'><strong>Olympiadem</strong></span> <span class='ocrx_word' id='word_1_174' title='bbox 1192 2766 1394 2801; x_wconf 70' lang='lat' dir='ltr'>Lxxxlv</span> <span class='ocrx_word' id='word_1_175' title='bbox 1439 2748 1498 2801; x_wconf 87' lang='lat' dir='ltr'><strong>in</strong></span> 
     </span>
     <span class='ocr_line' id='line_1_29' title="bbox 470 2818 1498 2881; baseline 0.002 -4"><span class='ocrx_word' id='word_1_176' title='bbox 470 2842 667 2877; x_wconf 83' lang='lat' dir='ltr'><strong>annum</strong></span> <span class='ocrx_word' id='word_1_177' title='bbox 706 2824 775 2881; x_wconf 77' lang='lat' dir='ltr'><strong>U.</strong></span> <span class='ocrx_word' id='word_1_178' title='bbox 820 2826 883 2881; x_wconf 91' lang='lat' dir='ltr'><strong>C.</strong></span> <span class='ocrx_word' id='word_1_179' title='bbox 923 2824 1160 2881; x_wconf 83' lang='lat' dir='ltr'><strong>incidere</strong></span> <span class='ocrx_word' id='word_1_180' title='bbox 1181 2818 1498 2881; x_wconf 81' lang='lat' dir='ltr'><strong>&#39;trecentesi-</strong></span> 
     </span>
     <span class='ocr_line' id='line_1_30' title="bbox 472 2904 1019 2959; baseline 0.007 -4"><span class='ocrx_word' id='word_1_181' title='bbox 472 2921 617 2957; x_wconf 87' lang='lat' dir='ltr'><strong>mum</strong></span> <span class='ocrx_word' id='word_1_182' title='bbox 638 2922 808 2958; x_wconf 84' lang='lat' dir='ltr'><strong>xxxu.</strong></span> <span class='ocrx_word' id='word_1_183' title='bbox 837 2904 1019 2959; x_wconf 67' lang='lat' dir='ltr'><strong>Hun-</strong></span> 
     </span>
    </p>

    <p class='ocr_par' dir='ltr' id='par_1_8' title="bbox 472 2985 1496 3211">
     <span class='ocr_line' id='line_1_31' title="bbox 556 2985 1489 3055; baseline 0 -18"><span class='ocrx_word' id='word_1_184' title='bbox 556 3003 645 3037; x_wconf 74' lang='lat'><strong>22.</strong></span> <span class='ocrx_word' id='word_1_185' title='bbox 688 2985 1009 3055; x_wconf 77' lang='lat' dir='ltr'><strong>Veneremque</strong></span> <span class='ocrx_word' id='word_1_186' title='bbox 1039 2987 1140 3053; x_wconf 81' lang='lat' dir='ltr'><strong>ejus</strong></span> <span class='ocrx_word' id='word_1_187' title='bbox 1174 3004 1273 3035; x_wconf 80' lang='lat' dir='ltr'><strong>esse</strong></span> <span class='ocrx_word' id='word_1_188' title='bbox 1309 2986 1489 3037; x_wconf 80' lang='lat' dir='ltr'><strong>Romae.</strong></span> 
     </span>
     <span class='ocr_line' id='line_1_32' title="bbox 474 3061 1496 3133; baseline 0.004 -22"><span class='ocrx_word' id='word_1_189' title='bbox 474 3061 554 3113; x_wconf 84' lang='lat' dir='ltr'><strong>Ex</strong></span> <span class='ocrx_word' id='word_1_190' title='bbox 583 3063 737 3115; x_wconf 84' lang='lat' dir='ltr'><strong>Pario</strong></span> <span class='ocrx_word' id='word_1_191' title='bbox 776 3062 967 3133; x_wconf 81' lang='lat' dir='ltr'><strong>lapide.</strong></span> <span class='ocrx_word' id='word_1_192' title='bbox 1000 3063 1223 3117; x_wconf 76' lang='lat' dir='ltr'><strong>Pausan.</strong></span> <span class='ocrx_word' id='word_1_193' title='bbox 1259 3065 1412 3119; x_wconf 79' lang='lat' dir='ltr'><strong>Attio.</strong></span> <span class='ocrx_word' id='word_1_194' title='bbox 1438 3064 1496 3129; x_wconf 89' lang='lat'><strong>1,</strong></span> 
     </span>
     <span class='ocr_line' id='line_1_33' title="bbox 472 3140 917 3211; baseline 0.011 -22"><span class='ocrx_word' id='word_1_195' title='bbox 472 3156 589 3211; x_wconf 78' lang='lat' dir='ltr'><strong>pag.</strong></span> <span class='ocrx_word' id='word_1_196' title='bbox 628 3159 717 3209; x_wconf 85' lang='lat'><strong>²7·</strong></span> <span class='ocrx_word' id='word_1_197' title='bbox 741 3140 917 3195; x_wconf 65' lang='lat' dir='ltr'><strong>Hsnn.</strong></span> 
     </span>
    </p>

    <p class='ocr_par' dir='ltr' id='par_1_9' title="bbox 470 3218 1496 3448">
     <span class='ocr_line' id='line_1_34' title="bbox 552 3218 1496 3291; baseline 0.003 -20"><span class='ocrx_word' id='word_1_198' title='bbox 552 3220 641 3271; x_wconf 74' lang='lat'><strong>23.</strong></span> <span class='ocrx_word' id='word_1_199' title='bbox 668 3218 727 3269; x_wconf 80' lang='lat' dir='ltr'><strong>In</strong></span> <span class='ocrx_word' id='word_1_200' title='bbox 755 3220 975 3273; x_wconf 70' lang='lat' dir='ltr'><strong>Oetae-ia.-</strong></span> <span class='ocrx_word' id='word_1_201' title='bbox 996 3222 1230 3291; x_wconf 76' lang='lat' dir='ltr'><strong>operibus.</strong></span> <span class='ocrx_word' id='word_1_202' title='bbox 1248 3222 1367 3275; x_wconf 85' lang='lat' dir='ltr'><strong>Hoc</strong></span> <span class='ocrx_word' id='word_1_203' title='bbox 1388 3233 1496 3287; x_wconf 83' lang='lat' dir='ltr'><strong>est,</strong></span> 
     </span>
     <span class='ocr_line' id='line_1_35' title="bbox 472 3296 1496 3367; baseline 0.004 -18"><span class='ocrx_word' id='word_1_204' title='bbox 472 3297 527 3350; x_wconf 86' lang='lat' dir='ltr'><strong>in</strong></span> <span class='ocrx_word' id='word_1_205' title='bbox 570 3296 799 3351; x_wconf 65' lang='lat' dir='ltr'><strong>Octavia</strong></span> <span class='ocrx_word' id='word_1_206' title='bbox 846 3300 1137 3367; x_wconf 77' lang='lat' dir='ltr'><strong>porticibus</strong></span> <span class='ocrx_word' id='word_1_207' title='bbox 1173 3319 1235 3355; x_wconf 76' lang='lat' dir='ltr'><strong>ac</strong></span> <span class='ocrx_word' id='word_1_208' title='bbox 1276 3302 1496 3367; x_wconf 83' lang='lat' dir='ltr'><strong>scholis,</strong></span> 
     </span>
     <span class='ocr_line' id='line_1_36' title="bbox 470 3375 1435 3448; baseline 0.001 -18"><span class='ocrx_word' id='word_1_209' title='bbox 470 3390 532 3430; x_wconf 87' lang='lat' dir='ltr'><strong>ut</strong></span> <span class='ocrx_word' id='word_1_210' title='bbox 556 3375 787 3433; x_wconf 76' lang='lat' dir='ltr'><strong>diximus</strong></span> <span class='ocrx_word' id='word_1_211' title='bbox 816 3378 1047 3439; x_wconf 82' lang='lat' dir='ltr'><strong>XXXV,</strong></span> <span class='ocrx_word' id='word_1_212' title='bbox 1076 3382 1148 3448; x_wconf 85' lang='lat'><strong>37</strong></span> <span class='ocrx_word' id='word_1_213' title='bbox 1174 3393 1227 3433; x_wconf 86' lang='lat' dir='ltr'><strong>et</strong></span> <span class='ocrx_word' id='word_1_214' title='bbox 1254 3388 1341 3443; x_wconf 75' lang='lat'><strong>40.</strong></span> <span class='ocrx_word' id='word_1_215' title='bbox 1368 3382 1435 3433; x_wconf 89' lang='lat' dir='ltr'><strong>H.</strong></span> 
     </span>
    </p>

    <p class='ocr_par' dir='ltr' id='par_1_10' title="bbox 469 3457 1498 3848">
     <span class='ocr_line' id='line_1_37' title="bbox 557 3457 1496 3519; baseline 0.002 -10"><span class='ocrx_word' id='word_1_216' title='bbox 557 3464 647 3519; x_wconf 62' lang='grc' dir='ltr'><strong>πά.</strong></span> <span class='ocrx_word' id='word_1_217' title='bbox 694 3458 1019 3509; x_wconf 66' lang='lat' dir='ltr'><strong>Alcumenam.</strong></span> <span class='ocrx_word' id='word_1_218' title='bbox 1061 3458 1247 3510; x_wconf 90' lang='lat' dir='ltr'><strong>Cicero</strong></span> <span class='ocrx_word' id='word_1_219' title='bbox 1291 3459 1384 3511; x_wconf 86' lang='lat' dir='ltr'><strong>lib.</strong></span> <span class='ocrx_word' id='word_1_220' title='bbox 1427 3457 1496 3511; x_wconf 85' lang='lat' dir='ltr'><strong>de</strong></span> 
     </span>
     <span class='ocr_line' id='line_1_38' title="bbox 472 3524 1496 3608; baseline 0 -19"><span class='ocrx_word' id='word_1_221' title='bbox 472 3536 663 3591; x_wconf 83' lang='lat' dir='ltr'><strong>Natur.</strong></span> <span class='ocrx_word' id='word_1_222' title='bbox 680 3536 839 3591; x_wconf 89' lang='lat' dir='ltr'><strong>Deor.</strong></span> <span class='ocrx_word' id='word_1_223' title='bbox 866 3564 887 3585; x_wconf 77' lang='grc' dir='ltr'>ι</span> <span class='ocrx_word' id='word_1_224' title='bbox 913 3524 983 3589; x_wconf 80' lang='lat' dir='ltr'><strong>Et</strong></span> <span class='ocrx_word' id='word_1_225' title='bbox 1014 3535 1229 3606; x_wconf 86' lang='lat' dir='ltr'><strong>quidem</strong></span> <span class='ocrx_word' id='word_1_226' title='bbox 1246 3575 1263 3601; x_wconf 95' lang='lat'><strong>,</strong></span> <span class='ocrx_word' id='word_1_227' title='bbox 1290 3537 1496 3608; x_wconf 88' lang='lat' dir='ltr'><strong>inquit,</strong></span> 
     </span>
     <span class='ocr_line' id='line_1_39' title="bbox 476 3614 1498 3672; baseline 0.004 -6"><span class='ocrx_word' id='word_1_228' title='bbox 476 3614 751 3672; x_wconf 77' lang='lat' dir='ltr'><strong>laudamus</strong></span> <span class='ocrx_word' id='word_1_229' title='bbox 786 3616 1008 3669; x_wconf 82' lang='lat' dir='ltr'><strong>Athenis</strong></span> <span class='ocrx_word' id='word_1_230' title='bbox 1029 3617 1333 3669; x_wconf 85' lang='lat' dir='ltr'><strong>Vulcanum</strong></span> <span class='ocrx_word' id='word_1_231' title='bbox 1374 3635 1498 3669; x_wconf 79' lang='lat' dir='ltr'><strong>eum</strong></span> 
     </span>
     <span class='ocr_line' id='line_1_40' title="bbox 470 3696 1497 3765; baseline 0.001 -17"><span class='ocrx_word' id='word_1_232' title='bbox 470 3714 630 3764; x_wconf 84' lang='lat' dir='ltr'><strong>quem</strong></span> <span class='ocrx_word' id='word_1_233' title='bbox 648 3696 770 3748; x_wconf 77' lang='lat' dir='ltr'><strong>fecit</strong></span> <span class='ocrx_word' id='word_1_234' title='bbox 794 3698 1117 3757; x_wconf 80' lang='lat' dir='ltr'><strong>Alcamenes,</strong></span> <span class='ocrx_word' id='word_1_235' title='bbox 1133 3696 1185 3747; x_wconf 89' lang='lat' dir='ltr'><strong>iu</strong></span> <span class='ocrx_word' id='word_1_236' title='bbox 1204 3714 1311 3765; x_wconf 86' lang='lat' dir='ltr'><strong>quo</strong></span> <span class='ocrx_word' id='word_1_237' title='bbox 1327 3707 1497 3749; x_wconf 83' lang='lat' dir='ltr'><strong>stante</strong></span> 
     </span>
     <span class='ocr_line' id='line_1_41' title="bbox 469 3773 1496 3848; baseline 0.003 -23"><span class='ocrx_word' id='word_1_238' title='bbox 469 3784 523 3825; x_wconf 90' lang='lat' dir='ltr'><strong>et</strong></span> <span class='ocrx_word' id='word_1_239' title='bbox 549 3778 735 3830; x_wconf 82' lang='lat' dir='ltr'><strong>vestito</strong></span> <span class='ocrx_word' id='word_1_240' title='bbox 762 3777 951 3829; x_wconf 88' lang='lat' dir='ltr'><strong>leniter</strong></span> <span class='ocrx_word' id='word_1_241' title='bbox 988 3786 1203 3848; x_wconf 82' lang='lat' dir='ltr'><strong>apparet</strong></span> <span class='ocrx_word' id='word_1_242' title='bbox 1232 3773 1496 3829; x_wconf 80' lang='lat' dir='ltr'><strong>claudica-</strong></span> 
     </span>
    </p>
   </div>
   <div class='ocr_carea' id='block_1_5' title="bbox 472 3852 1495 3997">
    <p class='ocr_par' dir='ltr' id='par_1_11' title="bbox 472 3852 1495 3997">
     <span class='ocr_line' id='line_1_42' title="bbox 472 3852 1494 3919; baseline 0.002 -14"><span class='ocrx_word' id='word_1_243' title='bbox 472 3852 547 3905; x_wconf 87' lang='lat' dir='ltr'><strong>tio</strong></span> <span class='ocrx_word' id='word_1_244' title='bbox 584 3874 695 3911; x_wconf 79' lang='lat' dir='ltr'><strong>nun</strong></span> <span class='ocrx_word' id='word_1_245' title='bbox 736 3854 1022 3919; x_wconf 81' lang='lat' dir='ltr'><strong>deformis,</strong></span> <span class='ocrx_word' id='word_1_246' title='bbox 1052 3879 1073 3902; x_wconf 76' lang='grc' dir='ltr'><strong>ι</strong></span> <span class='ocrx_word' id='word_1_247' title='bbox 1112 3854 1367 3911; x_wconf 80' lang='lat' dir='ltr'><strong>nimirum</strong></span> <span class='ocrx_word' id='word_1_248' title='bbox 1407 3859 1494 3909; x_wconf 79' lang='grc' dir='ltr'><strong>τοῦ</strong></span> 
     </span>
     <span class='ocr_line' id='line_1_43' title="bbox 474 3928 1495 3997; baseline 0.008 -18"><span class='ocrx_word' id='word_1_249' title='bbox 474 3928 850 3997; x_wconf 64' lang='grc' dir='ltr'><strong>κυλλοποδιόνος.</strong></span> <span class='ocrx_word' id='word_1_250' title='bbox 880 3936 1089 3989; x_wconf 81' lang='lat' dir='ltr'><strong>Victor.</strong></span> <span class='ocrx_word' id='word_1_251' title='bbox 1132 3934 1227 3987; x_wconf 88' lang='lat' dir='ltr'><strong>lib.</strong></span> <span class='ocrx_word' id='word_1_252' title='bbox 1278 3934 1495 3997; x_wconf 75' lang='lat' dir='ltr'><strong>XXIX,</strong></span> 
     </span>
    </p>
   </div>
   <div class='ocr_carea' id='block_1_6' title="bbox 1577 1468 2621 3987">
    <p class='ocr_par' dir='ltr' id='par_1_12' title="bbox 1577 1468 2599 1944">
     <span class='ocr_line' id='line_1_44' title="bbox 1579 1468 2597 1547; baseline -0.001 -17"><span class='ocrx_word' id='word_1_253' title='bbox 1579 1495 1694 1547; x_wconf 84' lang='lat' dir='ltr'><strong>cap.</strong></span> <span class='ocrx_word' id='word_1_254' title='bbox 1721 1494 1809 1546; x_wconf 88' lang='lat'><strong>19.</strong></span> <span class='ocrx_word' id='word_1_255' title='bbox 1839 1476 1979 1530; x_wconf 62' lang='lat' dir='ltr'><strong>Dat..</strong></span> <span class='ocrx_word' id='word_1_256' title='bbox 2003 1477 2408 1529; x_wconf 68' lang='lat' dir='ltr'><strong>—Alcamenem</strong></span> <span class='ocrx_word' id='word_1_257' title='bbox 2437 1468 2597 1529; x_wconf 62' lang='lat' dir='ltr'><strong>Aua-</strong></span> 
     </span>
     <span class='ocr_line' id='line_1_45' title="bbox 1579 1554 2594 1627; baseline 0 -20"><span class='ocrx_word' id='word_1_258' title='bbox 1579 1558 1724 1627; x_wconf 75' lang='grc' dir='ltr'><strong>μένης</strong></span> <span class='ocrx_word' id='word_1_259' title='bbox 1741 1594 1756 1619; x_wconf 84' lang='grc'><em>,</em></span> <span class='ocrx_word' id='word_1_260' title='bbox 1785 1555 1852 1608; x_wconf 89' lang='lat' dir='ltr'><strong>de</strong></span> <span class='ocrx_word' id='word_1_261' title='bbox 1878 1575 1987 1627; x_wconf 87' lang='lat' dir='ltr'><strong>quo</strong></span> <span class='ocrx_word' id='word_1_262' title='bbox 2019 1557 2182 1609; x_wconf 86' lang='lat' dir='ltr'><strong>multa</strong></span> <span class='ocrx_word' id='word_1_263' title='bbox 2212 1554 2351 1608; x_wconf 86' lang='lat' dir='ltr'><strong>idem</strong></span> <span class='ocrx_word' id='word_1_264' title='bbox 2379 1555 2594 1608; x_wconf 77' lang='lat' dir='ltr'><strong>Pausan.</strong></span> 
     </span>
     <span class='ocr_line' id='line_1_46' title="bbox 1577 1634 2594 1706; baseline -0.002 -19"><span class='ocrx_word' id='word_1_265' title='bbox 1577 1636 1634 1687; x_wconf 87' lang='lat' dir='ltr'><strong>in</strong></span> <span class='ocrx_word' id='word_1_266' title='bbox 1662 1636 1826 1689; x_wconf 74' lang='lat' dir='ltr'><strong>Elian.</strong></span> <span class='ocrx_word' id='word_1_267' title='bbox 1849 1636 2019 1705; x_wconf 87' lang='lat' dir='ltr'><strong>prior.</strong></span> <span class='ocrx_word' id='word_1_268' title='bbox 2048 1654 2167 1706; x_wconf 78' lang='lat' dir='ltr'><strong>pag.</strong></span> <span class='ocrx_word' id='word_1_269' title='bbox 2201 1634 2336 1701; x_wconf 79' lang='lat'><strong>305,</strong></span> <span class='ocrx_word' id='word_1_270' title='bbox 2355 1636 2410 1688; x_wconf 88' lang='lat' dir='ltr'><strong>in</strong></span> <span class='ocrx_word' id='word_1_271' title='bbox 2435 1636 2594 1687; x_wconf 78' lang='lat' dir='ltr'><strong>Boeot.</strong></span> 
     </span>
     <span class='ocr_line' id='line_1_47' title="bbox 1579 1714 2599 1787; baseline -0.001 -19"><span class='ocrx_word' id='word_1_272' title='bbox 1579 1733 1698 1787; x_wconf 77' lang='lat' dir='ltr'><strong>pag.</strong></span> <span class='ocrx_word' id='word_1_273' title='bbox 1734 1714 1860 1783; x_wconf 83' lang='lat'><strong>559,</strong></span> <span class='ocrx_word' id='word_1_274' title='bbox 1881 1728 1932 1767; x_wconf 88' lang='lat' dir='ltr'><strong>et</strong></span> <span class='ocrx_word' id='word_1_275' title='bbox 1959 1714 2085 1770; x_wconf 78' lang='lat' dir='ltr'><strong>alibi</strong></span> <span class='ocrx_word' id='word_1_276' title='bbox 2121 1715 2330 1785; x_wconf 79' lang='lat' dir='ltr'><strong>passim.</strong></span> <span class='ocrx_word' id='word_1_277' title='bbox 2355 1716 2599 1767; x_wconf 76' lang='lat' dir='ltr'><strong>Diximus</strong></span> 
     </span>
     <span class='ocr_line' id='line_1_48' title="bbox 1580 1788 2598 1866; baseline -0.003 -19"><span class='ocrx_word' id='word_1_278' title='bbox 1580 1794 1648 1847; x_wconf 90' lang='lat' dir='ltr'><strong>de</strong></span> <span class='ocrx_word' id='word_1_279' title='bbox 1694 1813 1758 1847; x_wconf 90' lang='lat' dir='ltr'><strong>eo</strong></span> <span class='ocrx_word' id='word_1_280' title='bbox 1809 1788 1919 1866; x_wconf 81' lang='lat' dir='ltr'><strong>J&#39;am</strong></span> <span class='ocrx_word' id='word_1_281' title='bbox 1979 1806 2126 1846; x_wconf 80' lang='lat' dir='ltr'><strong>antea</strong></span> <span class='ocrx_word' id='word_1_282' title='bbox 2177 1794 2275 1847; x_wconf 85' lang='lat' dir='ltr'><strong>lib.</strong></span> <span class='ocrx_word' id='word_1_283' title='bbox 2327 1794 2598 1855; x_wconf 75' lang='lat' dir='ltr'><strong>XXXIV,</strong></span> 
     </span>
     <span class='ocr_line' id='line_1_49' title="bbox 1581 1874 2031 1944; baseline -0.002 -18"><span class='ocrx_word' id='word_1_284' title='bbox 1581 1892 1699 1944; x_wconf 86' lang='lat' dir='ltr'><strong>cap.</strong></span> <span class='ocrx_word' id='word_1_285' title='bbox 1733 1892 1821 1942; x_wconf 80' lang='lat'><strong>19.</strong></span> <span class='ocrx_word' id='word_1_286' title='bbox 1851 1874 2031 1925; x_wconf 64' lang='lat' dir='ltr'><strong>Ham».</strong></span> 
     </span>
    </p>

    <p class='ocr_par' dir='ltr' id='par_1_13' title="bbox 1580 1948 2608 2735">
     <span class='ocr_line' id='line_1_50' title="bbox 1635 1948 2597 2021; baseline -0.001 -16"><span class='ocrx_word' id='word_1_287' title='bbox 1635 1948 1642 1955; x_wconf 70' lang='grc'><strong><em>’</em></strong></span> <span class='ocrx_word' id='word_1_288' title='bbox 1666 1952 1758 2007; x_wconf 77' lang='lat'><strong>25.</strong></span> <span class='ocrx_word' id='word_1_289' title='bbox 1785 1953 2124 2021; x_wconf 76' lang='lat' dir='ltr'><strong>Proeclaraque</strong></span> <span class='ocrx_word' id='word_1_290' title='bbox 2153 1951 2330 2001; x_wconf 74' lang='lat' dir='ltr'><strong>Venus.</strong></span> <span class='ocrx_word' id='word_1_291' title='bbox 2371 1949 2597 2005; x_wconf 79' lang='lat' dir='ltr'><strong>Pam-an.</strong></span> 
     </span>
     <span class='ocr_line' id='line_1_51' title="bbox 1581 2025 2600 2103; baseline -0.002 -18"><span class='ocrx_word' id='word_1_292' title='bbox 1581 2032 1637 2085; x_wconf 88' lang='lat' dir='ltr'><strong>in</strong></span> <span class='ocrx_word' id='word_1_293' title='bbox 1659 2032 1821 2085; x_wconf 74' lang='lat' dir='ltr'><strong>Attio.</strong></span> <span class='ocrx_word' id='word_1_294' title='bbox 1844 2050 1959 2103; x_wconf 80' lang='lat' dir='ltr'><strong>pag.</strong></span> <span class='ocrx_word' id='word_1_295' title='bbox 1989 2030 2058 2083; x_wconf 80' lang='lat'><strong>33</strong></span> <span class='ocrx_word' id='word_1_296' title='bbox 2085 2031 2184 2081; x_wconf 69' lang='lat' dir='ltr'><strong>:T‘o</strong></span> <span class='ocrx_word' id='word_1_297' title='bbox 2205 2025 2264 2083; x_wconf 65' lang='grc' dir='ltr'><strong>ὃὸ</strong></span> <span class='ocrx_word' id='word_1_298' title='bbox 2280 2030 2488 2097; x_wconf 76' lang='grc' dir='ltr'><strong>ἄγαλμα.</strong></span> <span class='ocrx_word' id='word_1_299' title='bbox 2505 2033 2600 2091; x_wconf 76' lang='grc' dir='ltr'><strong>τῆς</strong></span> 
     </span>
     <span class='ocr_line' id='line_1_52' title="bbox 1580 2105 2599 2179; baseline -0.004 -14"><span class='ocrx_word' id='word_1_300' title='bbox 1580 2105 1856 2178; x_wconf 70' lang='grc' dir='ltr'><strong>Ᾰφροὸίτης</strong></span> <span class='ocrx_word' id='word_1_301' title='bbox 1885 2112 1929 2162; x_wconf 69' lang='grc' dir='ltr'><strong>ἐν</strong></span> <span class='ocrx_word' id='word_1_302' title='bbox 1957 2112 2054 2169; x_wconf 81' lang='grc' dir='ltr'>τοῖς</span> <span class='ocrx_word' id='word_1_303' title='bbox 2082 2110 2304 2171; x_wconf 74' lang='grc' dir='ltr'><strong>Κήποις,</strong></span> <span class='ocrx_word' id='word_1_304' title='bbox 2335 2109 2470 2179; x_wconf 70' lang='grc' dir='ltr'><strong>ἔργον</strong></span> <span class='ocrx_word' id='word_1_305' title='bbox 2497 2108 2599 2169; x_wconf 59' lang='lat' dir='ltr'><strong>dclv</strong></span> 
     </span>
     <span class='ocr_line' id='line_1_53' title="bbox 1581 2180 2602 2261; baseline -0.002 -18"><span class='ocrx_word' id='word_1_306' title='bbox 1581 2182 1916 2261; x_wconf 74' lang='grc' dir='ltr'><strong>Ᾰλκαμὲνους,</strong></span> <span class='ocrx_word' id='word_1_307' title='bbox 1945 2190 2027 2242; x_wconf 74' lang='grc' dir='ltr'><strong>καὶ</strong></span> <span class='ocrx_word' id='word_1_308' title='bbox 2055 2195 2150 2240; x_wconf 79' lang='grc' dir='ltr'><strong>τῶν</strong></span> <span class='ocrx_word' id='word_1_309' title='bbox 2182 2180 2416 2254; x_wconf 63' lang='grc' dir='ltr'><strong>Ᾰθῆνῃσιν</strong></span> <span class='ocrx_word' id='word_1_310' title='bbox 2447 2189 2493 2241; x_wconf 68' lang='grc' dir='ltr'><strong>ἐν</strong></span> <span class='ocrx_word' id='word_1_311' title='bbox 2519 2190 2602 2241; x_wconf 76' lang='grc' dir='ltr'><strong>λα’·</strong></span> 
     </span>
     <span class='ocr_line' id='line_1_54' title="bbox 1580 2266 2602 2341; baseline -0.003 -19"><span class='ocrx_word' id='word_1_312' title='bbox 1580 2290 1682 2341; x_wconf 77' lang='grc' dir='ltr'>γοις</span> <span class='ocrx_word' id='word_1_313' title='bbox 1731 2273 1840 2331; x_wconf 70' lang='grc' dir='ltr'><strong>θέας</strong></span> <span class='ocrx_word' id='word_1_314' title='bbox 1879 2270 2024 2331; x_wconf 78' lang='grc' dir='ltr'><strong>ἄξιον.</strong></span> <span class='ocrx_word' id='word_1_315' title='bbox 2069 2293 2096 2315; x_wconf 66' lang='grc' dir='ltr'>ι</span> <span class='ocrx_word' id='word_1_316' title='bbox 2121 2266 2282 2331; x_wconf 81' lang='lat' dir='ltr'><strong>Quod</strong></span> <span class='ocrx_word' id='word_1_317' title='bbox 2324 2267 2388 2331; x_wconf 63' lang='lat' dir='ltr'><strong>in,</strong></span> <span class='ocrx_word' id='word_1_318' title='bbox 2421 2267 2602 2321; x_wconf 69' lang='lat' dir='ltr'><strong>Hortis</strong></span> 
     </span>
     <span class='ocr_line' id='line_1_55' title="bbox 1581 2347 2603 2419; baseline -0.002 -18"><span class='ocrx_word' id='word_1_319' title='bbox 1581 2349 1808 2401; x_wconf 84' lang='lat' dir='ltr'><strong>Veneris</strong></span> <span class='ocrx_word' id='word_1_320' title='bbox 1841 2350 2048 2419; x_wconf 81' lang='lat' dir='ltr'><strong>signum</strong></span> <span class='ocrx_word' id='word_1_321' title='bbox 2079 2347 2333 2410; x_wconf 78' lang='lat' dir='ltr'><strong>cernitur,</strong></span> <span class='ocrx_word' id='word_1_322' title='bbox 2366 2347 2603 2399; x_wconf 77' lang='lat' dir='ltr'><strong>Alcame-</strong></span> 
     </span>
     <span class='ocr_line' id='line_1_56' title="bbox 1581 2426 2604 2498; baseline -0.002 -17"><span class='ocrx_word' id='word_1_323' title='bbox 1581 2429 1664 2481; x_wconf 85' lang='lat' dir='ltr'><strong>nis</strong></span> <span class='ocrx_word' id='word_1_324' title='bbox 1684 2448 1820 2498; x_wconf 80' lang='lat' dir='ltr'><strong>opus</strong></span> <span class='ocrx_word' id='word_1_325' title='bbox 1843 2428 1868 2479; x_wconf 81' lang='lat' dir='ltr'>s</span> <span class='ocrx_word' id='word_1_326' title='bbox 1865 2428 1942 2480; x_wconf 86' lang='lat' dir='ltr'><strong>uit</strong></span> <span class='ocrx_word' id='word_1_327' title='bbox 1959 2466 1976 2492; x_wconf 92' lang='lat'><strong>,</strong></span> <span class='ocrx_word' id='word_1_328' title='bbox 1996 2440 2048 2481; x_wconf 87' lang='lat' dir='ltr'><strong>et</strong></span> <span class='ocrx_word' id='word_1_329' title='bbox 2071 2427 2210 2480; x_wconf 83' lang='lat' dir='ltr'><strong>inter</strong></span> <span class='ocrx_word' id='word_1_330' title='bbox 2227 2446 2283 2480; x_wconf 84' lang='lat' dir='ltr'><strong>ea</strong></span> <span class='ocrx_word' id='word_1_331' title='bbox 2308 2444 2425 2496; x_wconf 65' lang='lat' dir='ltr'><strong>qua</strong></span> <span class='ocrx_word' id='word_1_332' title='bbox 2445 2426 2604 2479; x_wconf 79' lang='lat' dir='ltr'><strong>Athe-</strong></span> 
     </span>
     <span class='ocr_line' id='line_1_57' title="bbox 1582 2505 2604 2575; baseline -0.004 -14"><span class='ocrx_word' id='word_1_333' title='bbox 1582 2508 1666 2561; x_wconf 84' lang='lat' dir='ltr'><strong>nis</strong></span> <span class='ocrx_word' id='word_1_334' title='bbox 1713 2526 1834 2561; x_wconf 88' lang='lat' dir='ltr'><strong>cum</strong></span> <span class='ocrx_word' id='word_1_335' title='bbox 1884 2505 2236 2561; x_wconf 76' lang='lat' dir='ltr'><strong>admiratione</strong></span> <span class='ocrx_word' id='word_1_336' title='bbox 2282 2517 2604 2575; x_wconf 80' lang='lat' dir='ltr'><strong>spectantur,</strong></span> 
     </span>
     <span class='ocr_line' id='line_1_58' title="bbox 1583 2582 2608 2645; baseline -0.002 -6"><span class='ocrx_word' id='word_1_337' title='bbox 1583 2605 1738 2639; x_wconf 88' lang='lat' dir='ltr'><strong>suum</strong></span> <span class='ocrx_word' id='word_1_338' title='bbox 1769 2587 1977 2639; x_wconf 87' lang='lat' dir='ltr'><strong>obtinet</strong></span> <span class='ocrx_word' id='word_1_339' title='bbox 2007 2586 2198 2639; x_wconf 84' lang='lat' dir='ltr'><strong>locum.</strong></span> <span class='ocrx_word' id='word_1_340' title='bbox 2223 2611 2244 2631; x_wconf 77' lang='grc' dir='ltr'>ι</span> <span class='ocrx_word' id='word_1_341' title='bbox 2279 2582 2525 2645; x_wconf 77' lang='lat' dir='ltr'><strong>Meminit</strong></span> <span class='ocrx_word' id='word_1_342' title='bbox 2547 2596 2608 2637; x_wconf 86' lang='lat' dir='ltr'><strong>et</strong></span> 
     </span>
     <span class='ocr_line' id='line_1_59' title="bbox 1583 2666 2372 2735; baseline -0.003 -18"><span class='ocrx_word' id='word_1_343' title='bbox 1583 2668 1850 2717; x_wconf 67' lang='lat' dir='ltr'><strong>Lucienus</strong></span> <span class='ocrx_word' id='word_1_344' title='bbox 1871 2667 1930 2717; x_wconf 89' lang='lat' dir='ltr'><strong>in</strong></span> <span class='ocrx_word' id='word_1_345' title='bbox 1952 2666 2174 2735; x_wconf 84' lang='lat' dir='ltr'><strong>Imagin.</strong></span> <span class='ocrx_word' id='word_1_346' title='bbox 2197 2666 2372 2717; x_wconf 67' lang='lat' dir='ltr'><strong>Hann.</strong></span> 
     </span>
    </p>

    <p class='ocr_par' dir='ltr' id='par_1_14' title="bbox 1581 2735 2621 3987">
     <span class='ocr_line' id='line_1_60' title="bbox 1669 2735 2606 2805; baseline -0.004 -8"><span class='ocrx_word' id='word_1_347' title='bbox 1669 2749 1760 2799; x_wconf 77' lang='lat'><strong>26.</strong></span> <span class='ocrx_word' id='word_1_348' title='bbox 1799 2735 1862 2798; x_wconf 59' lang='lat' dir='ltr'><strong>Ea</strong></span> <span class='ocrx_word' id='word_1_349' title='bbox 1911 2744 2126 2805; x_wconf 67' lang='grc' dir='ltr'><strong>Κήποις.</strong></span> <span class='ocrx_word' id='word_1_350' title='bbox 2168 2746 2232 2797; x_wconf 90' lang='lat' dir='ltr'><strong>ln</strong></span> <span class='ocrx_word' id='word_1_351' title='bbox 2263 2742 2460 2797; x_wconf 85' lang='lat' dir='ltr'><strong>Hortis.</strong></span> <span class='ocrx_word' id='word_1_352' title='bbox 2498 2742 2606 2793; x_wconf 82' lang='lat' dir='ltr'><strong>Re·</strong></span> 
     </span>
     <span class='ocr_line' id='line_1_61' title="bbox 1583 2821 2605 2893; baseline -0.002 -18"><span class='ocrx_word' id='word_1_353' title='bbox 1583 2824 1830 2893; x_wconf 75' lang='lat' dir='ltr'><strong>giuncula</strong></span> <span class='ocrx_word' id='word_1_354' title='bbox 1847 2824 1964 2877; x_wconf 84' lang='lat' dir='ltr'><strong>haec</strong></span> <span class='ocrx_word' id='word_1_355' title='bbox 1985 2824 2206 2877; x_wconf 82' lang='lat' dir='ltr'><strong>Athenis</strong></span> <span class='ocrx_word' id='word_1_356' title='bbox 2219 2822 2320 2877; x_wconf 72' lang='lat' dir='ltr'><strong>fuit</strong></span> <span class='ocrx_word' id='word_1_357' title='bbox 2330 2860 2348 2887; x_wconf 93' lang='lat'><strong>,</strong></span> <span class='ocrx_word' id='word_1_358' title='bbox 2360 2821 2605 2893; x_wconf 79' lang='lat' dir='ltr'><strong>proxime</strong></span> 
     </span>
     <span class='ocr_line' id='line_1_62' title="bbox 1583 2898 2608 2973; baseline 0 -20"><span class='ocrx_word' id='word_1_359' title='bbox 1583 2905 1848 2972; x_wconf 78' lang='lat' dir='ltr'><strong>templum</strong></span> <span class='ocrx_word' id='word_1_360' title='bbox 1887 2903 2178 2973; x_wconf 79' lang='lat' dir='ltr'><strong>Apollinis,</strong></span> <span class='ocrx_word' id='word_1_361' title='bbox 2227 2902 2320 2956; x_wconf 85' lang='lat' dir='ltr'><strong>ubi</strong></span> <span class='ocrx_word' id='word_1_362' title='bbox 2368 2913 2422 2954; x_wconf 91' lang='lat' dir='ltr'><strong>et</strong></span> <span class='ocrx_word' id='word_1_363' title='bbox 2470 2898 2608 2954; x_wconf 61' lang='lat' dir='ltr'><strong>mdes</strong></span> 
     </span>
     <span class='ocr_line' id='line_1_63' title="bbox 1583 2979 2607 3051; baseline -0.002 -18"><span class='ocrx_word' id='word_1_364' title='bbox 1583 2982 1810 3038; x_wconf 77' lang='lat' dir='ltr'><strong>Veneris</strong></span> <span class='ocrx_word' id='word_1_365' title='bbox 1835 2984 2076 3051; x_wconf 72' lang='grc' dir='ltr'><strong>Ορρανίσις</strong></span> <span class='ocrx_word' id='word_1_366' title='bbox 2103 2982 2214 3035; x_wconf 86' lang='lat' dir='ltr'><strong>sive</strong></span> <span class='ocrx_word' id='word_1_367' title='bbox 2241 2979 2490 3035; x_wconf 60' lang='lat' dir='ltr'><strong>celestis.</strong></span> <span class='ocrx_word' id='word_1_368' title='bbox 2513 2980 2607 3031; x_wconf 82' lang='lat' dir='ltr'><strong>Est</strong></span> 
     </span>
     <span class='ocr_line' id='line_1_64' title="bbox 1583 3052 2607 3131; baseline 0 -16"><span class='ocrx_word' id='word_1_369' title='bbox 1583 3074 1758 3115; x_wconf 82' lang='lat' dir='ltr'><strong>autem</strong></span> <span class='ocrx_word' id='word_1_370' title='bbox 1822 3061 2084 3131; x_wconf 82' lang='lat' dir='ltr'><strong>appellata</strong></span> <span class='ocrx_word' id='word_1_371' title='bbox 2137 3079 2306 3131; x_wconf 74' lang='lat' dir='ltr'><strong>graeoe</strong></span> <span class='ocrx_word' id='word_1_372' title='bbox 2355 3052 2607 3129; x_wconf 60' lang='grc' dir='ltr'><strong>,ἀφροδίτη</strong></span> 
     </span>
     <span class='ocr_line' id='line_1_65' title="bbox 1584 3138 2604 3209; baseline -0.002 -18"><span class='ocrx_word' id='word_1_373' title='bbox 1584 3142 1768 3193; x_wconf 84' lang='lat' dir='ltr'><strong>Venus</strong></span> <span class='ocrx_word' id='word_1_374' title='bbox 1783 3178 1800 3203; x_wconf 91' lang='lat'><strong>,</strong></span> <span class='ocrx_word' id='word_1_375' title='bbox 1818 3154 1878 3193; x_wconf 91' lang='lat' dir='ltr'><strong>ut</strong></span> <span class='ocrx_word' id='word_1_376' title='bbox 1901 3138 2118 3209; x_wconf 87' lang='lat' dir='ltr'><strong>quidem</strong></span> <span class='ocrx_word' id='word_1_377' title='bbox 2135 3139 2474 3202; x_wconf 80' lang='lat' dir='ltr'><strong>arbitramur,</strong></span> <span class='ocrx_word' id='word_1_378' title='bbox 2494 3156 2604 3189; x_wconf 77' lang='lat' dir='ltr'><strong>non</strong></span> 
     </span>
     <span class='ocr_line' id='line_1_66' title="bbox 1581 3215 2608 3288; baseline -0.002 -18"><span class='ocrx_word' id='word_1_379' title='bbox 1581 3215 1672 3271; x_wconf 68' lang='grc' dir='ltr'><strong>διὰ</strong></span> <span class='ocrx_word' id='word_1_380' title='bbox 1693 3222 1780 3277; x_wconf 69' lang='grc' dir='ltr'><strong>τὴν</strong></span> <span class='ocrx_word' id='word_1_381' title='bbox 1804 3225 1886 3273; x_wconf 81' lang='grc' dir='ltr'><strong>τοῦ</strong></span> <span class='ocrx_word' id='word_1_382' title='bbox 1911 3221 2058 3288; x_wconf 76' lang='grc' dir='ltr'>ἀφροῦ</span> <span class='ocrx_word' id='word_1_383' title='bbox 2080 3222 2265 3288; x_wconf 65' lang='grc' dir='ltr'><strong>γένεσιν</strong></span> <span class='ocrx_word' id='word_1_384' title='bbox 2281 3258 2296 3281; x_wconf 82' lang='grc'><em>,</em></span> <span class='ocrx_word' id='word_1_385' title='bbox 2318 3236 2388 3273; x_wconf 61' lang='lat'><strong>20</strong></span> <span class='ocrx_word' id='word_1_386' title='bbox 2407 3215 2552 3287; x_wconf 88' lang='lat' dir='ltr'><strong>quod</strong></span> <span class='ocrx_word' id='word_1_387' title='bbox 2573 3235 2608 3269; x_wconf 79' lang='lat' dir='ltr'><strong>e</strong></span> 
     </span>
     <span class='ocr_line' id='line_1_67' title="bbox 1583 3296 2604 3369; baseline -0.005 -17"><span class='ocrx_word' id='word_1_388' title='bbox 1583 3299 1742 3352; x_wconf 85' lang='lat' dir='ltr'><strong>maris</strong></span> <span class='ocrx_word' id='word_1_389' title='bbox 1768 3316 1952 3369; x_wconf 84' lang='lat' dir='ltr'><strong>spuma</strong></span> <span class='ocrx_word' id='word_1_390' title='bbox 1971 3300 2038 3351; x_wconf 79' lang='lat' dir='ltr'><strong>sit</strong></span> <span class='ocrx_word' id='word_1_391' title='bbox 2063 3311 2212 3350; x_wconf 85' lang='lat' dir='ltr'><strong>enata</strong></span> <span class='ocrx_word' id='word_1_392' title='bbox 2229 3336 2246 3361; x_wconf 96' lang='lat'><strong>,</strong></span> <span class='ocrx_word' id='word_1_393' title='bbox 2266 3315 2444 3366; x_wconf 86' lang='lat' dir='ltr'><strong>neque</strong></span> <span class='ocrx_word' id='word_1_394' title='bbox 2464 3296 2604 3349; x_wconf 84' lang='lat' dir='ltr'><strong>enim</strong></span> 
     </span>
     <span class='ocr_line' id='line_1_68' title="bbox 1581 3374 2608 3448; baseline -0.002 -17"><span class='ocrx_word' id='word_1_395' title='bbox 1581 3378 1638 3431; x_wconf 84' lang='lat' dir='ltr'><strong>id</strong></span> <span class='ocrx_word' id='word_1_396' title='bbox 1662 3377 1996 3448; x_wconf 64' lang='lat' dir='ltr'><strong>etymologia</strong></span> <span class='ocrx_word' id='word_1_397' title='bbox 2019 3376 2165 3446; x_wconf 77' lang='lat' dir='ltr'><strong>leges</strong></span> <span class='ocrx_word' id='word_1_398' title='bbox 2191 3377 2368 3429; x_wconf 85' lang='lat' dir='ltr'><strong>ferunt</strong></span> <span class='ocrx_word' id='word_1_399' title='bbox 2391 3398 2404 3427; x_wconf 91' lang='lat'>:</span> <span class='ocrx_word' id='word_1_400' title='bbox 2429 3374 2522 3427; x_wconf 82' lang='lat' dir='ltr'><strong>sed</strong></span> <span class='ocrx_word' id='word_1_401' title='bbox 2543 3390 2608 3429; x_wconf 77' lang='lat' dir='ltr'><strong>ex</strong></span> 
     </span>
     <span class='ocr_line' id='line_1_69' title="bbox 1584 3446 2610 3527; baseline -0.004 -16"><span class='ocrx_word' id='word_1_402' title='bbox 1584 3460 1759 3511; x_wconf 58' lang='lat' dir='ltr'><strong>dubet</strong></span> <span class='ocrx_word' id='word_1_403' title='bbox 1781 3454 1980 3527; x_wconf 62' lang='grc' dir='ltr'><strong>ῥοδίνοις</strong></span> <span class='ocrx_word' id='word_1_404' title='bbox 1996 3496 2011 3521; x_wconf 92' lang='grc'><strong><em>,</em></strong></span> <span class='ocrx_word' id='word_1_405' title='bbox 2039 3469 2235 3511; x_wconf 84' lang='lat' dir='ltr'><strong>mutata</strong></span> <span class='ocrx_word' id='word_1_406' title='bbox 2259 3456 2314 3508; x_wconf 91' lang='lat' dir='ltr'><strong>in</strong></span> <span class='ocrx_word' id='word_1_407' title='bbox 2340 3446 2439 3508; x_wconf 63' lang='grc' dir='ltr'><strong>ἅπὸ</strong></span> <span class='ocrx_word' id='word_1_408' title='bbox 2459 3454 2610 3507; x_wconf 84' lang='lat' dir='ltr'><strong>tenui</strong></span> 
     </span>
     <span class='ocr_line' id='line_1_70' title="bbox 1583 3534 2611 3607; baseline -0.005 -18"><span class='ocrx_word' id='word_1_409' title='bbox 1583 3537 1636 3589; x_wconf 88' lang='lat' dir='ltr'><strong>in</strong></span> <span class='ocrx_word' id='word_1_410' title='bbox 1678 3538 1990 3607; x_wconf 80' lang='lat' dir='ltr'><strong>aspiratam,</strong></span> <span class='ocrx_word' id='word_1_411' title='bbox 2019 3536 2089 3587; x_wconf 87' lang='lat' dir='ltr'><strong>ob</strong></span> <span class='ocrx_word' id='word_1_412' title='bbox 2123 3548 2427 3605; x_wconf 82' lang='lat' dir='ltr'><strong>sequentem</strong></span> <span class='ocrx_word' id='word_1_413' title='bbox 2465 3534 2611 3587; x_wconf 78' lang='lat' dir='ltr'><strong>litte-</strong></span> 
     </span>
     <span class='ocr_line' id='line_1_71' title="bbox 1585 3606 2614 3685; baseline -0.002 -18"><span class='ocrx_word' id='word_1_414' title='bbox 1585 3636 1694 3671; x_wconf 77' lang='lat' dir='ltr'><strong>ram</strong></span> <span class='ocrx_word' id='word_1_415' title='bbox 1744 3617 1766 3685; x_wconf 77' lang='grc' dir='ltr'><strong>ῥ</strong></span> <span class='ocrx_word' id='word_1_416' title='bbox 1805 3634 1820 3669; x_wconf 76' lang='grc' dir='ltr'><strong>ε</strong></span> <span class='ocrx_word' id='word_1_417' title='bbox 1863 3615 1932 3670; x_wconf 77' lang='lat' dir='ltr'><strong>ita</strong></span> <span class='ocrx_word' id='word_1_418' title='bbox 1973 3628 2034 3667; x_wconf 86' lang='lat' dir='ltr'><strong>ut</strong></span> <span class='ocrx_word' id='word_1_419' title='bbox 2079 3615 2144 3668; x_wconf 83' lang='lat' dir='ltr'><strong>sit</strong></span> <span class='ocrx_word' id='word_1_420' title='bbox 2185 3606 2463 3685; x_wconf 69' lang='grc' dir='ltr'><strong>Ᾱφροὸἰτη,</strong></span> <span class='ocrx_word' id='word_1_421' title='bbox 2508 3631 2614 3683; x_wconf 84' lang='lat' dir='ltr'><strong>pro</strong></span> 
     </span>
     <span class='ocr_line' id='line_1_72' title="bbox 1584 3692 2614 3765; baseline -0.003 -18"><span class='ocrx_word' id='word_1_422' title='bbox 1584 3692 1836 3765; x_wconf 56' lang='lat' dir='ltr'><strong>&amp;optadi-:q</strong></span> <span class='ocrx_word' id='word_1_423' title='bbox 1853 3734 1868 3757; x_wconf 95' lang='lat'><strong>,</strong></span> <span class='ocrx_word' id='word_1_424' title='bbox 1915 3698 2040 3747; x_wconf 78' lang='lat' dir='ltr'><strong>rosei</strong></span> <span class='ocrx_word' id='word_1_425' title='bbox 2079 3694 2249 3746; x_wconf 75' lang='lat' dir='ltr'><strong>coloris</strong></span> <span class='ocrx_word' id='word_1_426' title='bbox 2291 3692 2490 3756; x_wconf 60' lang='lat' dir='ltr'><strong>senilis,</strong></span> <span class='ocrx_word' id='word_1_427' title='bbox 2537 3693 2614 3745; x_wconf 85' lang='lat' dir='ltr'><strong>ob</strong></span> 
     </span>
     <span class='ocr_line' id='line_1_73' title="bbox 1583 3772 2618 3839; baseline -0.006 -10"><span class='ocrx_word' id='word_1_428' title='bbox 1583 3786 1910 3829; x_wconf 79' lang='lat' dir='ltr'><strong>venustatem</strong></span> <span class='ocrx_word' id='word_1_429' title='bbox 1928 3792 1941 3826; x_wconf 74' lang='grc' dir='ltr'><em>τ</em></span> <span class='ocrx_word' id='word_1_430' title='bbox 1963 3772 2108 3827; x_wconf 89' lang='lat' dir='ltr'><strong>unde</strong></span> <span class='ocrx_word' id='word_1_431' title='bbox 2125 3786 2180 3827; x_wconf 87' lang='lat' dir='ltr'><strong>et</strong></span> <span class='ocrx_word' id='word_1_432' title='bbox 2197 3793 2412 3839; x_wconf 74' lang='lat' dir='ltr'><strong>auream,</strong></span> <span class='ocrx_word' id='word_1_433' title='bbox 2489 3772 2618 3827; x_wconf 70' lang='grc' dir='ltr'><strong>υσὴν</strong></span> 
     </span>
     <span class='ocr_line' id='line_1_74' title="bbox 1585 3846 2621 3925; baseline -0.007 -16"><span class='ocrx_word' id='word_1_434' title='bbox 1585 3846 1856 3925; x_wconf 66' lang='grc' dir='ltr'>Ᾰρροδίτην</span> <span class='ocrx_word' id='word_1_435' title='bbox 1890 3865 2044 3907; x_wconf 76' lang='lat' dir='ltr'><strong>vocat</strong></span> <span class='ocrx_word' id='word_1_436' title='bbox 2071 3851 2285 3907; x_wconf 60' lang='lat' dir='ltr'><strong>Hesiod.</strong></span> <span class='ocrx_word' id='word_1_437' title='bbox 2312 3853 2372 3905; x_wconf 89' lang='lat' dir='ltr'><strong>in</strong></span> <span class='ocrx_word' id='word_1_438' title='bbox 2505 3870 2576 3911; x_wconf 79' lang='grc' dir='ltr'><strong>οις</strong></span> <span class='ocrx_word' id='word_1_439' title='bbox 2597 3888 2621 3913; x_wconf 87' lang='lat'><strong>,</strong></span> 
     </span>
     <span class='ocr_line' id='line_1_75' title="bbox 1585 3934 2057 3987; baseline 0.004 -2"><span class='ocrx_word' id='word_1_440' title='bbox 1585 3953 1723 3987; x_wconf 81' lang='lat' dir='ltr'><strong>vers.</strong></span> <span class='ocrx_word' id='word_1_441' title='bbox 1749 3936 1842 3987; x_wconf 83' lang='lat'><strong>65.</strong></span> <span class='ocrx_word' id='word_1_442' title='bbox 1875 3934 2057 3987; x_wconf 60' lang='lat' dir='ltr'><strong>Hann.</strong></span> 
     </span>
    </p>
   </div>
   <div class='ocr_carea' id='block_1_7' title="bbox 2943 1574 2947 2203">
    <p class='ocr_par' dir='ltr' id='par_1_15' title="bbox 2943 1574 2947 2203">
     <span class='ocr_line' id='line_1_76' title="bbox 2943 1574 2947 2203; baseline 0 0"><span class='ocrx_word' id='word_1_443' title='bbox 2943 1574 2947 2203; x_wconf 95' lang='lat' dir='ltr'><strong> </strong></span> 
     </span>
    </p>
   </div>
  </div>
 </body>
</html>
