2975 4684
1052 387 1365 465 LIBER
1415 395 1771 465 xxxvl.

2334 398 2471 495 ⁵29

349 523 746 619 peculiarius
781 524 1100 619 splendet.
1131 526 1401 599 Proficit
1435 524 1781 609 oculorum
1820 512 2173 619 lacrymis¹³
2200 528 2267 600 in
2303 527 2472 601 lacte

355 629 656 702 muliebri
693 661 709 701 z
745 631 1291 727 procidentesque
1339 631 1569 702 oculos
1614 629 1925 725 praeclare
1972 632 2255 703 cohibet.
2313 638 2507 706 Haec'

351 750 452 805 est
495 740 814 809 sententia
847 762 1078 807 eorum
1101 791 1120 826 ,
1150 741 1264 833 qui
1299 740 1679 833 nuperrime
1712 738 2046 832 scripsere.

457 846 848 913 XaeXXVIlI.
895 846 1170 915 Sotacus
1209 868 1248 913 e
1291 845 1741 914 vetustissimis
1772 844 2151 915 auctoribus
2182 848 2470 943 quinque
2511 884 2534 917 1

349 971 596 1040 genera
635 950 1122 1023 ‘haematitarum
1174 950 1376 1020 tradit
1396 1003 1417 1036 ,
1459 964 1696 1044 praeter
1739 965 2109 1051 magnetem
2129 948 2170 1016 ¹.
2222 955 2470 1023 Princi-

355 1068 580 1145 patum
625 1055 740 1135 dat
773 1080 854 1127 ex
879 1057 954 1126 iis
991 1057 1396 1150 Aithiopion,
1439 1054 1782 1125 oculorum
1826 1053 2321 1127 medicamentis
2352 1061 2475 1129 uti-

351 1155 630 1247 lissime,
659 1176 728 1231 et
762 1164 840 1233 iis
871 1187 1021 1255 quae
1056 1162 1451 1299 panchresta
1484 1158 1855 1255 appellant²

1882 1186 1898 1227 :
1940 1162 2097 1229 item
2135 1162 2469 1233 ambustis.

350 1214 686 1337 ΑΙίςειηιιιί3
721 1256 1278 1345 androdamanta⁴
1315 1268 1473 1337 dicit
1502 1267 1757 1349 vocari,
1796 1264 2015 1395 colsore
2048 1266 2273 1359 nigrn,
2308 1294 2472 1362 pon-

341 1369 506 1439 dere
551 1396 630 1441 ae
665 1371 956 1440 duritia
938 1374 1300 1465 insignem,
1330 1387 1398 1441 et
1439 1372 1591 1441 inde
1632 1356 1913 1441 nomen⁵
1956 1374 2265 1455 traxisse,
2273 1400 2474 1502 6prae·-

349 1476 672 1569 cipueque
707 1478 774 1546 iu
811 1476 1034 1547 Africa
1071 1492 1427 1571 repertum.
1480 1477 1772 1547 Trahere
1807 1491 2029 1546 autem
2076 1479 2145 1545 in
2194 1463 2299 1546 se⁶
2361 1503 2472 1547 ar·
2514 1520 2519 1526 ·

349 1594 664 1672 gentum,
695 1606 824 1663 aeS‚
870 1580 1138 1651 ferrum.
1185 1585 1729 1676 Experimentum
1766 1581 1907 1675 ejus
1940 1607 2082 1651 esse
2120 1584 2189 1649 in
2218 1598 2367 1653 cote
2396 1608 2477 1653 ex

350 1683 568 1779 lapide
609 1686 902 1756 basanite
917 1686 960 1755 ⁷.
1011 1687 1314 1760 Reddere
1351 1690 1529 1759 enim
1570 1706 1845 1758 succum
1895 1690 2327 1781 sanguineum
2354 1740 2375 1776 ‚
2409 1705 2477 1759 et

347 1792 619 1861 essenti
660 1791 972 1884 jocineris
1022 1794 1176 1862 vitia
1217 1796 1534 1889 praecipui
1584 1793 1873 1863 remedii.
1928 1794 2221 1864 Tertium
2270 1819 2477 1888 genus
2516 1842 2542 1873 2

349 1897 620 1967 Arabici
641 1897 832 1977 facit,
853 1896 1044 1967 simili
1065 1898 1302 1968 duritie
1319 1902 1464 1982 ,vix
1494 1899 1826 1969 reddentis
1849 1922 2121 1973 succum
2148 1898 2232 1967 ad
2259 1915 2474 1971 cotem

349 2005 682 2096 aquariam
699 1988 744 2089 ⁸,
777 2001 1127 2096 aliquando
1165 2030 1364 2073 croco
1399 2004 1701 2073 similem.
1752 2006 1991 2092 Quarti
2030 2007 2287 2098 generis
2332 2005 2471 2075 ela-

348 2110 510 2177 titen
539 2106 822 2199 vocari⁹‚
863 2108 1175 2202 quamdiu
1209 2109 1452 2179 crudus
1487 2111 1607 2179 sit:
1654 2123 1917 2178 coetum
1957 2133 2119 2177 vero
2161 2108 2472 2197 miltiten‚

345 2290 590 2355 cundior,
607 2292 902 2361 πρᾳότιρος,
923 2288 1094 2359 inquit
1115 2291 1366 2357 Galenus,

344 2370 453 2426 loc.
471 2370 562 2422 cit.
585 2388 704 2441 pag.
728 2368 858 2423 2⁵5.
888 2366 1070 2421 Haut).

433 2468 456 2502 1
471 2448 524 2502 3.
577 2447 782 2518 Proficae't
826 2447 1067 2501 oculorum
1121 2436 1360 2521 laerym's.

347 2529 526 2581 Diosc.
555 2528 660 2581 loc.
690 2528 784 2580 cit..
815 2527 995 2581 ΒΑΜ).

424 2608 736 2661 XXXVIII.
773 2624 821 2659 1.
854 2609 1042 2659 Proetar
1083 2620 1361 2677 magnetem.

348 2687 546 2741 Praeter
581 2686 639 2739 id
679 2688 941 2757 magnetis
981 2687 1180 2758 genns',
1217 2687 1364 2758 quod

345 2765 650 2819 homatiten
682 2766 876 2834 pariter
911 2765 1170 2835 appellari
1209 2784 1362 2836 supe-

345 2842 458 2897 rius
485 2842 688 2897 dictum
713 2855 822 2904 est,
856 2862 974 2911 cap.
995 2846 1086 2896 25.
1103 2840 1284 2897 mun.

431 2942 480 2975 a.
534 2922 831 2974 Panem-esta
863 2922 1126 2991 appellant.
1178 2922 1364 2975 Omni-

345 3000 448 3054 bus
479 2998 853 3071 aegritudinum
879 3000 1153 3070 generibus
1183 3002 1363 3067 utilia,

343 3082 466 3152 πρὸς
508 3081 680 3133 πάντα.
729 3080 990 3145 νοσήματα
1043 3080 1204 3151 xpm-eit
1217 3117 1234 3145 ,
1277 3081 1362 3138 mi.

345 3161 595 3229 ὠφέλιμα·
611 3158 912 3229 polychr-esta
937 3159 1156 3229 quidam
1183 3162 1366 3232 legunt

343 3251 398 3292 et
424 3239 630 3311 aptius,
678 3249 741 3289 ut
769 3238 1016 3291 arbitror.
1051 3242 1254 3293 nnnc.
1283 3270 1361 3282 —-

349 3321 477 3391 Qua
497 3319 804 3389 panchresta.
839 3319 1114 3388 Πάγχρηςα
1129 3358 1146 3384 ,
1171 3321 1361 3389 perbe-

343 3400 535 3471 nigna,
556 3416 772 3469 prorsus
791 3396 954 3451 utilia.
978 3397 1161 3450 Hun.

426 3477 479 3530 3.
508 3478 748 3530 Alterum.
782 3478 986 3531 Locum
1019 3478 1162 3531 hunc
1205 3478 1362 3547 plane

341 3555 412 3610 ad
470 3558 690 3611 verbum
746 3558 1026 3629 exscripsit
1077 3556 1310 3611 Isidorus
1342 3594 1360 3623 ,

345 3636 494 3707 Orig-
523 3637 619 3689 lib.
649 3637 814 3700 XVI,
836 3653 952 3707 cup.
978 3642 1033 3700 4.
1059 3638 1242 3690 Ham).

425 3722 454 3777 4
466 3755 479 3769 .
496 3716 914 3769 Androdamanta.
933 3716 1226 3769 Haimatitae
1244 3734 1362 3769 om·

347 3810 440 3846 nes
477 3797 652 3850 nobis·
671 3797 816 3851 ferro
855 3796 970 3847 aliis
1015 3796 1362 3849 minen-atibus

343 3873 510 3926 mixto
530 3889 766 3930 constant
788 3866 1042 3946 (perarida
1057 3916 1071 3937 ,
1101 3875 1362 3946 lgrdmside

343 3951 508 4019 deser,
522 3954 742 4009 Ιιέωαείεο
755 3974 920 4025 rouge,
935 3954 1101 4019 bruna,
1112 3946 1236 4021 etc.)
1253 3955 1361 4009 sor·
1377 3984 1384 3989 ·

343 4047 458 4097 Μ,
483 4034 695 4099 colore,
724 4048 983 4091 structura
1015 4033 1232 4092 variant.
1259 4034 1360 4087 En.

503 4131 622 4198 ΙΧ.

1539 2292 1589 2345 5.
1621 2292 1696 2343 Ee
1734 2292 1843 2343 inde
1875 2310 2063 2343 nomen.
2098 2290 2259 2356 Quod
2301 2294 2472 2348 homi·

1449 2388 1581 2422 num
1604 2382 1823 2423 conatus
1849 2370 1904 2422 in
1933 2370 2228 2441 frangendo
2260 2370 2467 2437 domet,

1455 2444 1794 2519 ἀνδροδάμας.
1826 2450 2005 2503 Ham).

1535 2531 1587 2579 6.
1608 2528 1819 2579 Trahere
1834 2540 1991 2583 autem
2012 2532 2061 2580 ἱπ
2082 2548 2151 2583 se.
2172 2530 2249 2583 Ut
2268 2531 2469 2584 ferrum

1453 2622 1482 2657 a
1510 2607 2018 2675 magnetetrahitur.
2058 2606 2322 2676 Isidorus,
2367 2610 2468 2663 lor..

1451 2684 1545 2739 cit.
1572 2686 1755 2737 Ham).

1536 2783 1589 2833 7.
1622 2764 1686 2815 In
1711 2774 1889 2815 coteex
1906 2764 2067 2833 lapido
2094 2766 2329 2819 basanite.
2352 2768 2466 2833 Qui

1449 2842 1582 2913 lapis
1632 2842 1841 2896 nullum
1902 2860 1966 2893 ex
2027 2861 2081 2895 se
2133 2862 2349 2898 succum
2381 2861 2470 2902 aut

1450 2921 1681 2975 colorem
1721 2918 1961 2973 remittit.
1993 2922 2100 2974 Pro
2129 2936 2245 2975 cote
2276 2938 2469 2979 morta·

1447 3001 1593 3055 rium
1613 2999 1790 3054 dicere
1805 2999 2035 3053 Plinium
2057 3000 2326 3068 debuisse,
2348 3022 2471 3059 con·

1447 3080 1621 3134 tendit
1642 3079 1923 3133 Salmasius
1942 3078 1997 3131 in
2022 3080 2186 3133 Solin.
2216 3101 2271 3153 p.
2302 3080 2469 3139 1333.

1450 3160 1706 3213 Frustra:
1734 3172 1849 3211 tum
1886 3158 2033 3230 quod
2073 3178 2138 3213 ex
2180 3162 2363 3215 attrito
2402 3162 2469 3217 ad

1451 3250 1627 3293 cotem
1648 3236 1825 3309 lapide
1847 3234 1989 3290 haud
2013 3258 2159 3294 secus
2174 3240 2324 3295 reddi
2355 3262 2469 3295 suo-

1451 3338 1546 3372 cus
1580 3318 1929 3388 intelligatur,
1954 3336 2110 3388 quam
2148 3338 2211 3373 ex
2244 3319 2431 3375 eodem
2450 3360 2466 3385 ,

1445 3398 1488 3450 si
1519 3410 1717 3451 teratur
1746 3398 1801 3449 in
1826 3398 2086 3469 mortariis
2120 3417 2135 3451 z
2166 3411 2280 3451 tum
2320 3398 2467 3469 quod

1444 3478 1557 3549 ipsa
1610 3476 1857 3531 mortaria
1890 3472 2032 3531 cotes
2082 3477 2338 3549 appellari
2385 3495 2470 3530 re-

1447 3570 1532 3611 cte
1573 3557 1805 3627 possint,
1857 3555 2004 3623 quod
2044 3575 2107 3609 ex
2152 3567 2268 3608 cote
2310 3554 2468 3611 flunt.

1447 3634 1611 3690 Unde
1637 3636 1733 3689 lib.
1763 3636 2064 3698 XXXVII,
2108 3651 2225 3703 cap.
2263 3632 2367 3700 54,
2402 3634 2470 3689 de

1447 3716 1630 3771 achate
1654 3736 1668 3768 ε
1704 3743 1727 3764 ι
1756 3712 1954 3767 Medici
1972 3710 2223 3764 coticulas
2246 3711 2376 3765 inde
2395 3714 2470 3771 fa-

1449 3796 1615 3849 ciunt.
1642 3822 1668 3843 ι
1699 3794 1874 3845 Ηιιιυ.

1530 3875 1579 3928 8.
1612 3873 1704 3927 Ad
1724 3885 1873 3925 cotem
1887 3870 2155 3940 aquariam.
2175 3868 2309 3933 Quae
2336 3890 2469 3943 aqua

1447 3955 1765 4025 aspergitur.
1789 3952 1972 4003 Hann.

1532 4052 1585 4101 9.
1626 4033 1808 4101 Quarta·
1838 4030 2025 4100 generis
2059 4026 2253 4081 elatiten
2286 4036 2467 4085 vocari.

2096 4124 2183 4209 34
