<?xml version="1.0" encoding="UTF-8"?>
<!DOCTYPE html PUBLIC "-//W3C//DTD XHTML 1.0 Transitional//EN"
    "http://www.w3.org/TR/xhtml1/DTD/xhtml1-transitional.dtd">
<html xmlns="http://www.w3.org/1999/xhtml" xml:lang="en" lang="en">
 <head>
  <title>
</title>
<meta http-equiv="Content-Type" content="text/html;charset=utf-8" />
  <meta name='ocr-system' content='tesseract 3.04.00' />
  <meta name='ocr-capabilities' content='ocr_page ocr_carea ocr_par ocr_line ocrx_word'/>
</head>
<body>
  <div class='ocr_page' id='page_1' title='image "./historinaturali00mgoog_0297.png"; bbox 0 0 2975 4684; ppageno 0'>
   <div class='ocr_carea' id='block_1_1' title="bbox 490 389 2060 470">
    <p class='ocr_par' dir='ltr' id='par_1_1' title="bbox 490 389 2060 470">
     <span class='ocr_line' id='line_1_1' title="bbox 490 389 2060 470; baseline 0 -10"><span class='ocrx_word' id='word_1_1' title='bbox 490 389 629 462; x_wconf 79' lang='lat'>288</span> <span class='ocrx_word' id='word_1_2' title='bbox 1028 390 1105 457; x_wconf 91' lang='lat' dir='ltr'>C.</span> <span class='ocrx_word' id='word_1_3' title='bbox 1159 392 1492 462; x_wconf 87' lang='lat' dir='ltr'>PLINII</span> <span class='ocrx_word' id='word_1_4' title='bbox 1539 393 1748 460; x_wconf 86' lang='lat' dir='ltr'><strong>NAT.</strong></span> <span class='ocrx_word' id='word_1_5' title='bbox 1804 394 2060 470; x_wconf 81' lang='lat' dir='ltr'><strong>HIST.</strong></span> 
     </span>
    </p>
   </div>
   <div class='ocr_carea' id='block_1_2' title="bbox 342 516 2628 1253">
    <p class='ocr_par' dir='ltr' id='par_1_2' title="bbox 342 516 2628 730">
     <span class='ocr_line' id='line_1_2' title="bbox 342 516 2606 619; baseline 0.004 -26"><span class='ocrx_word' id='word_1_6' title='bbox 342 527 352 604; x_wconf 74' lang='lat' dir='ltr'>l</span> <span class='ocrx_word' id='word_1_7' title='bbox 487 523 953 596; x_wconf 78' lang='lat' dir='ltr'>circumducta.</span> <span class='ocrx_word' id='word_1_8' title='bbox 984 522 1219 616; x_wconf 85' lang='lat' dir='ltr'>Itaque</span> <span class='ocrx_word' id='word_1_9' title='bbox 1248 524 1444 595; x_wconf 86' lang='lat' dir='ltr'>talem</span> <span class='ocrx_word' id='word_1_10' title='bbox 1462 525 1756 619; x_wconf 82' lang='lat' dir='ltr'>primam</span> <span class='ocrx_word' id='word_1_11' title='bbox 1783 523 2025 595; x_wconf 83' lang='lat' dir='ltr'>fuisse:</span> <span class='ocrx_word' id='word_1_12' title='bbox 2053 516 2445 598; x_wconf 72' lang='lat' dir='ltr'>secundaru’</span> <span class='ocrx_word' id='word_1_13' title='bbox 2469 532 2606 602; x_wconf 79' lang='lat' dir='ltr'>sin-</span> 
     </span>
     <span class='ocr_line' id='line_1_3' title="bbox 487 617 2628 730; baseline 0.005 -32"><span class='ocrx_word' id='word_1_14' title='bbox 487 629 652 724; x_wconf 83' lang='lat' dir='ltr'>gulis</span> <span class='ocrx_word' id='word_1_15' title='bbox 693 625 1025 698; x_wconf 86' lang='lat' dir='ltr'>coloribus</span> <span class='ocrx_word' id='word_1_16' title='bbox 1045 681 1065 712; x_wconf 86' lang='lat'>,</span> <span class='ocrx_word' id='word_1_17' title='bbox 1130 644 1199 699; x_wconf 87' lang='lat' dir='ltr'>et</span> <span class='ocrx_word' id='word_1_18' title='bbox 1236 629 1831 699; x_wconf 83' lang='lat' dir='ltr'>monochromaton</span> <span class='ocrx_word' id='word_1_19' title='bbox 1855 617 1881 661; x_wconf 79' lang='lat'>⁴</span> <span class='ocrx_word' id='word_1_20' title='bbox 1929 630 2211 719; x_wconf 84' lang='lat' dir='ltr'>dictam,</span> <span class='ocrx_word' id='word_1_21' title='bbox 2253 650 2628 730; x_wconf 26' lang='lat' dir='ltr'>postquam·</span> 
     </span>
    </p>

    <p class='ocr_par' dir='ltr' id='par_1_3' title="bbox 420 733 2627 1253">
     <span class='ocr_line' id='line_1_4' title="bbox 420 733 2607 828; baseline 0.007 -29"><span class='ocrx_word' id='word_1_22' title='bbox 420 765 448 799; x_wconf 63' lang='grc' dir='ltr'><strong>ο</strong></span> <span class='ocrx_word' id='word_1_23' title='bbox 484 733 821 827; x_wconf 81' lang='lat' dir='ltr'>operosior</span> <span class='ocrx_word' id='word_1_24' title='bbox 846 733 1125 801; x_wconf 82' lang='lat' dir='ltr'>inventa</span> <span class='ocrx_word' id='word_1_25' title='bbox 1156 751 1297 804; x_wconf 86' lang='lat' dir='ltr'>erat</span> <span class='ocrx_word' id='word_1_26' title='bbox 1325 761 1342 802; x_wconf 75' lang='grc' dir='ltr'><strong><em>ε</em></strong></span> <span class='ocrx_word' id='word_1_27' title='bbox 1374 735 1699 828; x_wconf 88' lang='lat' dir='ltr'>duratque</span> <span class='ocrx_word' id='word_1_28' title='bbox 1732 734 1878 804; x_wconf 86' lang='lat' dir='ltr'>talis</span> <span class='ocrx_word' id='word_1_29' title='bbox 1909 737 2106 806; x_wconf 87' lang='lat' dir='ltr'>etiam</span> <span class='ocrx_word' id='word_1_30' title='bbox 2133 763 2330 810; x_wconf 88' lang='lat' dir='ltr'>nunc.</span> <span class='ocrx_word' id='word_1_31' title='bbox 2370 744 2607 814; x_wconf 79' lang='lat' dir='ltr'>Inven-</span> 
     </span>
     <span class='ocr_line' id='line_1_5' title="bbox 481 830 2605 936; baseline 0.006 -30"><span class='ocrx_word' id='word_1_32' title='bbox 481 854 609 906; x_wconf 87' lang='lat' dir='ltr'>tam</span> <span class='ocrx_word' id='word_1_33' title='bbox 663 835 976 906; x_wconf 82' lang='lat' dir='ltr'>linearem</span> <span class='ocrx_word' id='word_1_34' title='bbox 1020 837 1250 908; x_wconf 88' lang='lat' dir='ltr'>dicunt</span> <span class='ocrx_word' id='word_1_35' title='bbox 1302 865 1339 910; x_wconf 89' lang='lat' dir='ltr'>a</span> <span class='ocrx_word' id='word_1_36' title='bbox 1378 837 1670 909; x_wconf 86' lang='lat' dir='ltr'>Philocle</span> <span class='ocrx_word' id='word_1_37' title='bbox 1706 842 2047 936; x_wconf 87' lang='lat' dir='ltr'>AEgyptio‚</span> <span class='ocrx_word' id='word_1_38' title='bbox 2103 830 2244 913; x_wconf 81' lang='lat' dir='ltr'>vel⁵</span> <span class='ocrx_word' id='word_1_39' title='bbox 2283 845 2605 920; x_wconf 83' lang='lat' dir='ltr'>Cleanthe</span> 
     </span>
     <span class='ocr_line' id='line_1_6' title="bbox 480 942 2608 1037; baseline 0.006 -25"><span class='ocrx_word' id='word_1_40' title='bbox 480 942 845 1022; x_wconf 77' lang='lat' dir='ltr'>Corinthio.</span> <span class='ocrx_word' id='word_1_41' title='bbox 893 945 1095 1012; x_wconf 79' lang='lat' dir='ltr'>Primi</span> <span class='ocrx_word' id='word_1_42' title='bbox 1144 969 1494 1016; x_wconf 83' lang='lat' dir='ltr'>exercuere</span> <span class='ocrx_word' id='word_1_43' title='bbox 1544 945 1811 1016; x_wconf 86' lang='lat' dir='ltr'>Ardices</span> <span class='ocrx_word' id='word_1_44' title='bbox 1856 950 2280 1037; x_wconf 86' lang='lat' dir='ltr'>Corinthius,</span> <span class='ocrx_word' id='word_1_45' title='bbox 2323 968 2392 1021; x_wconf 90' lang='lat' dir='ltr'>et</span> <span class='ocrx_word' id='word_1_46' title='bbox 2423 953 2608 1024; x_wconf 91' lang='lat' dir='ltr'>Tele-</span> 
     </span>
     <span class='ocr_line' id='line_1_7' title="bbox 477 1039 2627 1149; baseline 0.007 -35"><span class='ocrx_word' id='word_1_47' title='bbox 477 1045 731 1141; x_wconf 80' lang='lat' dir='ltr'>phanes</span> <span class='ocrx_word' id='word_1_48' title='bbox 756 1051 1096 1145; x_wconf 80' lang='lat' dir='ltr'>Sicyonius</span> <span class='ocrx_word' id='word_1_49' title='bbox 1116 1101 1135 1132; x_wconf 91' lang='lat'>,</span> <span class='ocrx_word' id='word_1_50' title='bbox 1162 1051 1299 1118; x_wconf 89' lang='lat' dir='ltr'>sine</span> <span class='ocrx_word' id='word_1_51' title='bbox 1328 1049 1460 1120; x_wconf 90' lang='lat' dir='ltr'>ullo</span> <span class='ocrx_word' id='word_1_52' title='bbox 1495 1053 1856 1142; x_wconf 82' lang='lat' dir='ltr'>etiamnum</span> <span class='ocrx_word' id='word_1_53' title='bbox 1896 1053 2118 1124; x_wconf 90' lang='lat' dir='ltr'>colore</span> <span class='ocrx_word' id='word_1_54' title='bbox 2133 1039 2183 1142; x_wconf 80' lang='lat'>⁶,</span> <span class='ocrx_word' id='word_1_55' title='bbox 2216 1057 2356 1149; x_wconf 84' lang='lat' dir='ltr'>jam</span> <span class='ocrx_word' id='word_1_56' title='bbox 2382 1059 2627 1128; x_wconf 70' lang='lat' dir='ltr'>tamen&#39;</span> 
     </span>
     <span class='ocr_line' id='line_1_8' title="bbox 476 1155 2606 1253; baseline 0.007 -33"><span class='ocrx_word' id='word_1_57' title='bbox 476 1171 864 1248; x_wconf 84' lang='lat' dir='ltr'>spargentes</span> <span class='ocrx_word' id='word_1_58' title='bbox 883 1155 1083 1250; x_wconf 82' lang='lat' dir='ltr'>lineas</span> <span class='ocrx_word' id='word_1_59' title='bbox 1107 1155 1326 1224; x_wconf 86' lang='lat' dir='ltr'>intus⁷.</span> <span class='ocrx_word' id='word_1_60' title='bbox 1350 1156 1514 1226; x_wconf 92' lang='lat' dir='ltr'>Ideo</span> <span class='ocrx_word' id='word_1_61' title='bbox 1535 1162 1605 1242; x_wconf 75' lang='lat' dir='ltr'>e&#39;t</span> <span class='ocrx_word' id='word_1_62' title='bbox 1625 1181 1792 1252; x_wconf 88' lang='lat' dir='ltr'>quos</span> <span class='ocrx_word' id='word_1_63' title='bbox 1819 1159 2199 1253; x_wconf 83' lang='lat' dir='ltr'>pingerent,</span> <span class='ocrx_word' id='word_1_64' title='bbox 2233 1163 2606 1234; x_wconf 84' lang='lat' dir='ltr'>adscribere</span> 
     </span>
    </p>
   </div>
   <div class='ocr_carea' id='block_1_3' title="bbox 1579 1327 2602 1484">
    <p class='ocr_par' dir='ltr' id='par_1_4' title="bbox 1579 1327 2602 1484">
     <span class='ocr_line' id='line_1_9' title="bbox 1579 1327 2602 1403; baseline 0.006 -23"><span class='ocrx_word' id='word_1_65' title='bbox 1579 1327 1770 1393; x_wconf 87' lang='lat' dir='ltr'>lorem,</span> <span class='ocrx_word' id='word_1_66' title='bbox 1795 1329 1919 1393; x_wconf 86' lang='lat' dir='ltr'>XII,</span> <span class='ocrx_word' id='word_1_67' title='bbox 1951 1349 2038 1394; x_wconf 86' lang='lat'>10,</span> <span class='ocrx_word' id='word_1_68' title='bbox 2069 1349 2190 1403; x_wconf 80' lang='lat' dir='ltr'>pag.</span> <span class='ocrx_word' id='word_1_69' title='bbox 2225 1333 2335 1402; x_wconf 82' lang='lat'>893</span> <span class='ocrx_word' id='word_1_70' title='bbox 2363 1353 2378 1386; x_wconf 91' lang='lat'><strong>:</strong></span> <span class='ocrx_word' id='word_1_71' title='bbox 2409 1360 2432 1381; x_wconf 71' lang='grc' dir='ltr'><strong>α</strong></span> <span class='ocrx_word' id='word_1_72' title='bbox 2459 1334 2602 1387; x_wconf 87' lang='lat' dir='ltr'>Clari</span> 
     </span>
     <span class='ocr_line' id='line_1_10' title="bbox 1580 1409 2601 1484; baseline 0.006 -24"><span class='ocrx_word' id='word_1_73' title='bbox 1580 1409 1811 1478; x_wconf 77' lang='lat' dir='ltr'>pictores</span> <span class='ocrx_word' id='word_1_74' title='bbox 1853 1409 2011 1463; x_wconf 79' lang='lat' dir='ltr'>fuisse</span> <span class='ocrx_word' id='word_1_75' title='bbox 2053 1409 2305 1465; x_wconf 89' lang='lat' dir='ltr'>dicuntur</span> <span class='ocrx_word' id='word_1_76' title='bbox 2337 1414 2601 1484; x_wconf 79' lang='lat' dir='ltr'>Polygno-</span> 
     </span>
    </p>
   </div>
   <div class='ocr_carea' id='block_1_4' title="bbox 480 1291 1496 1480">
    <p class='ocr_par' dir='ltr' id='par_1_5' title="bbox 480 1291 1496 1480">
     <span class='ocr_line' id='line_1_11' title="bbox 481 1291 1496 1397; baseline 0.002 -17"><span class='ocrx_word' id='word_1_77' title='bbox 481 1291 767 1397; x_wconf 86' lang='lat' dir='ltr'>quemdam</span> <span class='ocrx_word' id='word_1_78' title='bbox 800 1301 1067 1390; x_wconf 80' lang='lat' dir='ltr'>nominat,</span> <span class='ocrx_word' id='word_1_79' title='bbox 1096 1343 1215 1396; x_wconf 84' lang='lat' dir='ltr'>pag.</span> <span class='ocrx_word' id='word_1_80' title='bbox 1250 1330 1315 1379; x_wconf 79' lang='lat'>16</span> <span class='ocrx_word' id='word_1_81' title='bbox 1350 1327 1496 1382; x_wconf 73' lang='lat' dir='ltr'>:Kal</span> 
     </span>
     <span class='ocr_line' id='line_1_12' title="bbox 480 1405 1496 1480; baseline 0 -20"><span class='ocrx_word' id='word_1_82' title='bbox 480 1408 802 1480; x_wconf 72' lang='grc' dir='ltr'><strong>σκιαγραφίας</strong></span> <span class='ocrx_word' id='word_1_83' title='bbox 833 1407 917 1477; x_wconf 73' lang='grc' dir='ltr'>μὲν</span> <span class='ocrx_word' id='word_1_84' title='bbox 948 1405 1217 1473; x_wconf 61' lang='lat' dir='ltr'>cup-notione</span> <span class='ocrx_word' id='word_1_85' title='bbox 1242 1407 1338 1460; x_wconf 68' lang='lat' dir='ltr'>bno</span> <span class='ocrx_word' id='word_1_86' title='bbox 1366 1413 1496 1460; x_wconf 82' lang='grc' dir='ltr'><strong>Σαυ·</strong></span> 
     </span>
    </p>
   </div>
   <div class='ocr_carea' id='block_1_5' title="bbox 464 1485 1499 3992">
    <p class='ocr_par' dir='ltr' id='par_1_6' title="bbox 466 1485 1499 3437">
     <span class='ocr_line' id='line_1_13' title="bbox 480 1485 1496 1557; baseline -0.001 -16"><span class='ocrx_word' id='word_1_87' title='bbox 480 1488 609 1557; x_wconf 72' lang='grc' dir='ltr'><strong>ρίου,</strong></span> <span class='ocrx_word' id='word_1_88' title='bbox 644 1489 793 1541; x_wconf 77' lang='grc' dir='ltr'><strong>ἵππον</strong></span> <span class='ocrx_word' id='word_1_89' title='bbox 836 1487 883 1537; x_wconf 71' lang='grc' dir='ltr'>ἐν</span> <span class='ocrx_word' id='word_1_90' title='bbox 928 1485 1045 1554; x_wconf 76' lang='grc' dir='ltr'><strong>ἡλίῳ</strong></span> <span class='ocrx_word' id='word_1_91' title='bbox 1086 1486 1496 1556; x_wconf 69' lang='grc' dir='ltr'><strong>πιριγράψαντος.</strong></span> 
     </span>
     <span class='ocr_line' id='line_1_14' title="bbox 486 1563 1499 1638; baseline 0.004 -24"><span class='ocrx_word' id='word_1_92' title='bbox 486 1593 509 1614; x_wconf 74' lang='grc'>.-</span> <span class='ocrx_word' id='word_1_93' title='bbox 538 1565 883 1620; x_wconf 84' lang='lat' dir='ltr'>Umbratilem</span> <span class='ocrx_word' id='word_1_94' title='bbox 902 1563 1043 1615; x_wconf 89' lang='lat' dir='ltr'>enim</span> <span class='ocrx_word' id='word_1_95' title='bbox 1058 1563 1319 1633; x_wconf 79' lang='lat' dir='ltr'>picturam</span> <span class='ocrx_word' id='word_1_96' title='bbox 1338 1605 1354 1630; x_wconf 91' lang='lat'>,</span> <span class='ocrx_word' id='word_1_97' title='bbox 1372 1567 1499 1638; x_wconf 80' lang='lat' dir='ltr'>equi.</span> 
     </span>
     <span class='ocr_line' id='line_1_15' title="bbox 480 1642 1496 1716; baseline -0.001 -17"><span class='ocrx_word' id='word_1_98' title='bbox 480 1647 667 1699; x_wconf 82' lang='lat' dir='ltr'>umbra</span> <span class='ocrx_word' id='word_1_99' title='bbox 699 1643 753 1696; x_wconf 89' lang='lat' dir='ltr'>in</span> <span class='ocrx_word' id='word_1_100' title='bbox 796 1642 905 1694; x_wconf 83' lang='lat' dir='ltr'>sole</span> <span class='ocrx_word' id='word_1_101' title='bbox 934 1642 1331 1716; x_wconf 84' lang='lat' dir='ltr'>circumscripta</span> <span class='ocrx_word' id='word_1_102' title='bbox 1364 1647 1496 1699; x_wconf 86' lang='lat' dir='ltr'>Sau-</span> 
     </span>
     <span class='ocr_line' id='line_1_16' title="bbox 476 1721 1498 1778; baseline -0.002 0"><span class='ocrx_word' id='word_1_103' title='bbox 476 1727 581 1778; x_wconf 86' lang='lat' dir='ltr'>rias</span> <span class='ocrx_word' id='word_1_104' title='bbox 602 1721 823 1778; x_wconf 82' lang='lat' dir='ltr'>invenit.</span> <span class='ocrx_word' id='word_1_105' title='bbox 852 1746 875 1769; x_wconf 74' lang='grc' dir='ltr'>ι</span> <span class='ocrx_word' id='word_1_106' title='bbox 906 1722 1331 1777; x_wconf 78' lang='lat' dir='ltr'>vetustissimam</span> <span class='ocrx_word' id='word_1_107' title='bbox 1358 1725 1498 1777; x_wconf 84' lang='lat' dir='ltr'>hanc</span> 
     </span>
     <span class='ocr_line' id='line_1_17' title="bbox 476 1801 1498 1874; baseline 0.002 -20"><span class='ocrx_word' id='word_1_108' title='bbox 476 1803 735 1873; x_wconf 82' lang='lat' dir='ltr'>picturam</span> <span class='ocrx_word' id='word_1_109' title='bbox 767 1801 1019 1854; x_wconf 74' lang='lat' dir='ltr'>linearem</span> <span class='ocrx_word' id='word_1_110' title='bbox 1047 1804 1371 1874; x_wconf 76' lang='grc' dir='ltr'><strong>σκιαγραφίαν</strong></span> <span class='ocrx_word' id='word_1_111' title='bbox 1405 1821 1498 1857; x_wconf 81' lang='lat' dir='ltr'>vo-</span> 
     </span>
     <span class='ocr_line' id='line_1_18' title="bbox 476 1879 1495 1952; baseline 0 -18"><span class='ocrx_word' id='word_1_112' title='bbox 476 1894 621 1946; x_wconf 86' lang='lat' dir='ltr'>cant,</span> <span class='ocrx_word' id='word_1_113' title='bbox 662 1898 770 1950; x_wconf 85' lang='lat' dir='ltr'>quo</span> <span class='ocrx_word' id='word_1_114' title='bbox 808 1881 1026 1932; x_wconf 88' lang='lat' dir='ltr'>nomine</span> <span class='ocrx_word' id='word_1_115' title='bbox 1056 1879 1219 1934; x_wconf 86' lang='lat' dir='ltr'>hodie</span> <span class='ocrx_word' id='word_1_116' title='bbox 1252 1881 1495 1952; x_wconf 80' lang='lat' dir='ltr'>designa-</span> 
     </span>
     <span class='ocr_line' id='line_1_19' title="bbox 472 1957 1494 2031; baseline 0 -19"><span class='ocrx_word' id='word_1_117' title='bbox 472 1978 590 2012; x_wconf 86' lang='lat' dir='ltr'>mus</span> <span class='ocrx_word' id='word_1_118' title='bbox 638 1957 1102 2013; x_wconf 75' lang='lat' dir='ltr'>adumbrationem</span> <span class='ocrx_word' id='word_1_119' title='bbox 1152 1961 1379 2031; x_wconf 84' lang='lat' dir='ltr'>primam</span> <span class='ocrx_word' id='word_1_120' title='bbox 1436 1961 1494 2012; x_wconf 87' lang='lat' dir='ltr'>in</span> 
     </span>
     <span class='ocr_line' id='line_1_20' title="bbox 472 2039 1495 2111; baseline 0 -20"><span class='ocrx_word' id='word_1_121' title='bbox 472 2039 691 2108; x_wconf 61' lang='lat' dir='ltr'>pictura!</span> <span class='ocrx_word' id='word_1_122' title='bbox 722 2039 999 2111; x_wconf 85' lang='lat' dir='ltr'>operibus,</span> <span class='ocrx_word' id='word_1_123' title='bbox 1036 2056 1154 2109; x_wconf 73' lang='lat' dir='ltr'>quae</span> <span class='ocrx_word' id='word_1_124' title='bbox 1190 2039 1356 2090; x_wconf 82' lang='lat' dir='ltr'>veluti</span> <span class='ocrx_word' id='word_1_125' title='bbox 1390 2039 1495 2091; x_wconf 90' lang='lat' dir='ltr'>ini-</span> 
     </span>
     <span class='ocr_line' id='line_1_21' title="bbox 474 2117 1492 2189; baseline 0.002 -21"><span class='ocrx_word' id='word_1_126' title='bbox 474 2118 609 2171; x_wconf 85' lang='lat' dir='ltr'>tium</span> <span class='ocrx_word' id='word_1_127' title='bbox 660 2131 769 2183; x_wconf 84' lang='lat' dir='ltr'>est,</span> <span class='ocrx_word' id='word_1_128' title='bbox 822 2117 1205 2188; x_wconf 82' lang='lat' dir='ltr'>exordiumque</span> <span class='ocrx_word' id='word_1_129' title='bbox 1250 2118 1492 2189; x_wconf 83' lang='lat' dir='ltr'>&#39;reliquo-</span> 
     </span>
     <span class='ocr_line' id='line_1_22' title="bbox 470 2197 1495 2262; baseline 0 -12"><span class='ocrx_word' id='word_1_130' title='bbox 470 2217 611 2251; x_wconf 87' lang='lat' dir='ltr'>rum.</span> <span class='ocrx_word' id='word_1_131' title='bbox 654 2225 677 2246; x_wconf 76' lang='grc' dir='ltr'>ι</span> <span class='ocrx_word' id='word_1_132' title='bbox 715 2198 904 2250; x_wconf 82' lang='lat' dir='ltr'>Primis</span> <span class='ocrx_word' id='word_1_133' title='bbox 928 2210 1131 2250; x_wconf 82' lang='lat' dir='ltr'>tantum</span> <span class='ocrx_word' id='word_1_134' title='bbox 1165 2197 1343 2262; x_wconf 79' lang='lat' dir='ltr'>lineis,</span> <span class='ocrx_word' id='word_1_135' title='bbox 1373 2221 1396 2242; x_wconf 75' lang='lat' dir='ltr'>n</span> <span class='ocrx_word' id='word_1_136' title='bbox 1432 2211 1495 2250; x_wconf 86' lang='lat' dir='ltr'>ut</span> 
     </span>
     <span class='ocr_line' id='line_1_23' title="bbox 472 2275 1492 2350; baseline -0.002 -21"><span class='ocrx_word' id='word_1_137' title='bbox 472 2279 548 2332; x_wconf 84' lang='lat' dir='ltr'>ait</span> <span class='ocrx_word' id='word_1_138' title='bbox 572 2277 951 2350; x_wconf 80' lang='lat' dir='ltr'>Quintilianus,</span> <span class='ocrx_word' id='word_1_139' title='bbox 979 2276 1082 2338; x_wconf 83' lang='lat' dir='ltr'>IV,</span> <span class='ocrx_word' id='word_1_140' title='bbox 1120 2295 1147 2328; x_wconf 78' lang='lat' dir='ltr'>a</span> <span class='ocrx_word' id='word_1_141' title='bbox 1165 2313 1179 2338; x_wconf 93' lang='lat'>,</span> <span class='ocrx_word' id='word_1_142' title='bbox 1208 2293 1326 2346; x_wconf 77' lang='lat' dir='ltr'>pag.</span> <span class='ocrx_word' id='word_1_143' title='bbox 1360 2275 1492 2346; x_wconf 84' lang='lat'>517,</span> 
     </span>
     <span class='ocr_line' id='line_1_24' title="bbox 473 2352 1494 2426; baseline -0.003 -16"><span class='ocrx_word' id='word_1_144' title='bbox 473 2359 563 2412; x_wconf 81' lang='lat' dir='ltr'>illa</span> <span class='ocrx_word' id='word_1_145' title='bbox 583 2358 881 2410; x_wconf 84' lang='lat' dir='ltr'>constabat:</span> <span class='ocrx_word' id='word_1_146' title='bbox 896 2368 1086 2426; x_wconf 78' lang='lat' dir='ltr'>atque,</span> <span class='ocrx_word' id='word_1_147' title='bbox 1110 2365 1169 2406; x_wconf 90' lang='lat' dir='ltr'>ut</span> <span class='ocrx_word' id='word_1_148' title='bbox 1187 2352 1330 2406; x_wconf 86' lang='lat' dir='ltr'>idem</span> <span class='ocrx_word' id='word_1_149' title='bbox 1346 2355 1494 2420; x_wconf 87' lang='lat' dir='ltr'>alibi,</span> 
     </span>
     <span class='ocr_line' id='line_1_25' title="bbox 481 2433 1488 2493; baseline 0.002 -9"><span class='ocrx_word' id='word_1_150' title='bbox 481 2463 503 2484; x_wconf 75' lang='grc' dir='ltr'>ι</span> <span class='ocrx_word' id='word_1_151' title='bbox 537 2437 697 2490; x_wconf 83' lang='lat' dir='ltr'>lineas</span> <span class='ocrx_word' id='word_1_152' title='bbox 743 2433 907 2487; x_wconf 85' lang='lat' dir='ltr'>modo</span> <span class='ocrx_word' id='word_1_153' title='bbox 956 2447 1217 2487; x_wconf 75' lang='lat' dir='ltr'>extremas</span> <span class='ocrx_word' id='word_1_154' title='bbox 1260 2433 1488 2493; x_wconf 69' lang='lat' dir='ltr'>umbrae,</span> 
     </span>
     <span class='ocr_line' id='line_1_26' title="bbox 472 2512 1494 2586; baseline -0.001 -19"><span class='ocrx_word' id='word_1_155' title='bbox 472 2533 633 2586; x_wconf 84' lang='lat' dir='ltr'>quam</span> <span class='ocrx_word' id='word_1_156' title='bbox 678 2532 902 2584; x_wconf 84' lang='lat' dir='ltr'>corpora</span> <span class='ocrx_word' id='word_1_157' title='bbox 954 2512 1010 2564; x_wconf 91' lang='lat' dir='ltr'>in</span> <span class='ocrx_word' id='word_1_158' title='bbox 1056 2513 1167 2566; x_wconf 83' lang='lat' dir='ltr'>sole</span> <span class='ocrx_word' id='word_1_159' title='bbox 1219 2513 1494 2577; x_wconf 79' lang='lat' dir='ltr'>fecissent,</span> 
     </span>
     <span class='ocr_line' id='line_1_27' title="bbox 470 2585 1493 2662; baseline -0.002 -16"><span class='ocrx_word' id='word_1_160' title='bbox 470 2585 991 2646; x_wconf 77' lang='lat' dir='ltr'>circumscribebant.</span> <span class='ocrx_word' id='word_1_161' title='bbox 1014 2617 1036 2638; x_wconf 69' lang='grc' dir='ltr'><strong>ο</strong></span> <span class='ocrx_word' id='word_1_162' title='bbox 1054 2593 1265 2645; x_wconf 79' lang='lat' dir='ltr'>Solebat</span> <span class='ocrx_word' id='word_1_163' title='bbox 1282 2592 1385 2644; x_wconf 92' lang='lat' dir='ltr'>hoc</span> <span class='ocrx_word' id='word_1_164' title='bbox 1402 2610 1493 2662; x_wconf 77' lang='lat' dir='ltr'>ge-</span> 
     </span>
     <span class='ocr_line' id='line_1_28' title="bbox 470 2671 1492 2742; baseline -0.001 -17"><span class='ocrx_word' id='word_1_165' title='bbox 470 2691 570 2726; x_wconf 81' lang='lat' dir='ltr'>nus</span> <span class='ocrx_word' id='word_1_166' title='bbox 602 2673 823 2742; x_wconf 74' lang='lat' dir='ltr'>picturae</span> <span class='ocrx_word' id='word_1_167' title='bbox 850 2690 1250 2741; x_wconf 72' lang='lat' dir='ltr'>monogrammum</span> <span class='ocrx_word' id='word_1_168' title='bbox 1279 2671 1492 2736; x_wconf 82' lang='lat' dir='ltr'>vocari,</span> 
     </span>
     <span class='ocr_line' id='line_1_29' title="bbox 470 2750 1491 2822; baseline -0.003 -17"><span class='ocrx_word' id='word_1_169' title='bbox 470 2750 615 2822; x_wconf 89' lang='lat' dir='ltr'>quod</span> <span class='ocrx_word' id='word_1_170' title='bbox 640 2769 745 2804; x_wconf 82' lang='lat' dir='ltr'>una</span> <span class='ocrx_word' id='word_1_171' title='bbox 770 2751 1109 2822; x_wconf 84' lang='lat' dir='ltr'>simplicique</span> <span class='ocrx_word' id='word_1_172' title='bbox 1126 2750 1265 2802; x_wconf 85' lang='lat' dir='ltr'>linea</span> <span class='ocrx_word' id='word_1_173' title='bbox 1284 2763 1491 2802; x_wconf 85' lang='lat' dir='ltr'>consta·</span> 
     </span>
     <span class='ocr_line' id='line_1_30' title="bbox 472 2830 1492 2895; baseline 0 -13"><span class='ocrx_word' id='word_1_174' title='bbox 472 2831 579 2884; x_wconf 86' lang='lat' dir='ltr'>bat.</span> <span class='ocrx_word' id='word_1_175' title='bbox 607 2830 839 2895; x_wconf 87' lang='lat' dir='ltr'>Nonius,</span> <span class='ocrx_word' id='word_1_176' title='bbox 859 2849 907 2884; x_wconf 89' lang='lat' dir='ltr'>c.</span> <span class='ocrx_word' id='word_1_177' title='bbox 938 2849 987 2894; x_wconf 78' lang='lat' dir='ltr'>x,</span> <span class='ocrx_word' id='word_1_178' title='bbox 1006 2849 1063 2882; x_wconf 86' lang='lat' dir='ltr'>n.</span> <span class='ocrx_word' id='word_1_179' title='bbox 1090 2832 1194 2882; x_wconf 82' lang='lat'>168</span> <span class='ocrx_word' id='word_1_180' title='bbox 1216 2847 1233 2881; x_wconf 79' lang='lat' dir='ltr'><strong><em>z</em></strong></span> <span class='ocrx_word' id='word_1_181' title='bbox 1255 2856 1278 2878; x_wconf 73' lang='grc' dir='ltr'>ι</span> <span class='ocrx_word' id='word_1_182' title='bbox 1300 2831 1492 2882; x_wconf 82' lang='lat' dir='ltr'>Mono-</span> 
     </span>
     <span class='ocr_line' id='line_1_31' title="bbox 468 2909 1492 2980; baseline 0 -18"><span class='ocrx_word' id='word_1_183' title='bbox 468 2909 691 2980; x_wconf 77' lang='lat' dir='ltr'>grammi</span> <span class='ocrx_word' id='word_1_184' title='bbox 722 2909 851 2961; x_wconf 91' lang='lat' dir='ltr'>dicti</span> <span class='ocrx_word' id='word_1_185' title='bbox 884 2921 1007 2962; x_wconf 88' lang='lat' dir='ltr'>suut</span> <span class='ocrx_word' id='word_1_186' title='bbox 1043 2909 1285 2980; x_wconf 85' lang='lat' dir='ltr'>homines</span> <span class='ocrx_word' id='word_1_187' title='bbox 1322 2909 1492 2962; x_wconf 87' lang='lat' dir='ltr'>macie</span> 
     </span>
     <span class='ocr_line' id='line_1_32' title="bbox 468 2986 1489 3060; baseline -0.005 -16"><span class='ocrx_word' id='word_1_188' title='bbox 468 3003 749 3060; x_wconf 82' lang='lat' dir='ltr'>pertenues</span> <span class='ocrx_word' id='word_1_189' title='bbox 779 3006 840 3040; x_wconf 88' lang='lat' dir='ltr'>ac</span> <span class='ocrx_word' id='word_1_190' title='bbox 867 2986 1139 3042; x_wconf 86' lang='lat' dir='ltr'>decolores</span> <span class='ocrx_word' id='word_1_191' title='bbox 1166 3004 1181 3040; x_wconf 90' lang='lat'><strong>:</strong></span> <span class='ocrx_word' id='word_1_192' title='bbox 1210 2999 1437 3042; x_wconf 86' lang='lat' dir='ltr'>tractum</span> <span class='ocrx_word' id='word_1_193' title='bbox 1458 3006 1489 3039; x_wconf 82' lang='lat' dir='ltr'>a</span> 
     </span>
     <span class='ocr_line' id='line_1_33' title="bbox 466 3066 1492 3138; baseline 0 -18"><span class='ocrx_word' id='word_1_194' title='bbox 466 3069 673 3138; x_wconf 80' lang='lat' dir='ltr'>pictura</span> <span class='ocrx_word' id='word_1_195' title='bbox 690 3103 706 3130; x_wconf 92' lang='lat'>‚</span> <span class='ocrx_word' id='word_1_196' title='bbox 730 3086 849 3138; x_wconf 77' lang='lat' dir='ltr'>quoe</span> <span class='ocrx_word' id='word_1_197' title='bbox 867 3067 1016 3138; x_wconf 81' lang='lat' dir='ltr'>prius</span> <span class='ocrx_word' id='word_1_198' title='bbox 1036 3085 1195 3138; x_wconf 84' lang='lat' dir='ltr'>quam</span> <span class='ocrx_word' id='word_1_199' title='bbox 1221 3066 1492 3120; x_wconf 76' lang='lat' dir='ltr'>coloribus</span> 
     </span>
     <span class='ocr_line' id='line_1_34' title="bbox 467 3143 1488 3218; baseline -0.002 -18"><span class='ocrx_word' id='word_1_200' title='bbox 467 3159 803 3218; x_wconf 82' lang='lat' dir='ltr'>corporatur,</span> <span class='ocrx_word' id='word_1_201' title='bbox 840 3147 1027 3198; x_wconf 86' lang='lat' dir='ltr'>umbra</span> <span class='ocrx_word' id='word_1_202' title='bbox 1062 3145 1303 3216; x_wconf 77' lang='lat' dir='ltr'>fingitur.</span> <span class='ocrx_word' id='word_1_203' title='bbox 1345 3170 1368 3192; x_wconf 73' lang='grc' dir='ltr'>ι</span> <span class='ocrx_word' id='word_1_204' title='bbox 1404 3143 1488 3198; x_wconf 80' lang='lat' dir='ltr'>Ad</span> 
     </span>
     <span class='ocr_line' id='line_1_35' title="bbox 466 3222 1491 3296; baseline 0 -18"><span class='ocrx_word' id='word_1_205' title='bbox 466 3244 581 3278; x_wconf 83' lang='lat' dir='ltr'>eam</span> <span class='ocrx_word' id='word_1_206' title='bbox 628 3225 805 3278; x_wconf 81' lang='lat' dir='ltr'>allusit</span> <span class='ocrx_word' id='word_1_207' title='bbox 858 3225 1123 3296; x_wconf 83' lang='lat' dir='ltr'>picturam</span> <span class='ocrx_word' id='word_1_208' title='bbox 1178 3225 1368 3280; x_wconf 80' lang='lat' dir='ltr'>Cicero</span> <span class='ocrx_word' id='word_1_209' title='bbox 1422 3222 1491 3278; x_wconf 78' lang='lat' dir='ltr'>do</span> 
     </span>
     <span class='ocr_line' id='line_1_36' title="bbox 468 3305 1488 3374; baseline -0.002 -16"><span class='ocrx_word' id='word_1_210' title='bbox 468 3305 591 3358; x_wconf 80' lang='lat' dir='ltr'>Nat.</span> <span class='ocrx_word' id='word_1_211' title='bbox 628 3307 789 3358; x_wconf 87' lang='lat' dir='ltr'>Deor.</span> <span class='ocrx_word' id='word_1_212' title='bbox 826 3305 915 3366; x_wconf 87' lang='lat'>11,</span> <span class='ocrx_word' id='word_1_213' title='bbox 955 3323 1122 3374; x_wconf 88' lang='lat' dir='ltr'>quum</span> <span class='ocrx_word' id='word_1_214' title='bbox 1152 3323 1488 3374; x_wconf 80' lang='lat' dir='ltr'>monogram-</span> 
     </span>
     <span class='ocr_line' id='line_1_37' title="bbox 466 3383 1154 3437; baseline -0.001 0"><span class='ocrx_word' id='word_1_215' title='bbox 466 3403 583 3437; x_wconf 88' lang='lat' dir='ltr'>mos</span> <span class='ocrx_word' id='word_1_216' title='bbox 607 3387 751 3437; x_wconf 82' lang='lat' dir='ltr'>Deos</span> <span class='ocrx_word' id='word_1_217' title='bbox 774 3395 945 3436; x_wconf 78' lang='lat' dir='ltr'>vocat.</span> <span class='ocrx_word' id='word_1_218' title='bbox 970 3383 1154 3436; x_wconf 73' lang='lat' dir='ltr'>Rutu.</span> 
     </span>
    </p>

    <p class='ocr_par' dir='ltr' id='par_1_7' title="bbox 466 3460 1489 3774">
     <span class='ocr_line' id='line_1_38' title="bbox 551 3460 1489 3530; baseline -0.005 -12"><span class='ocrx_word' id='word_1_219' title='bbox 551 3465 605 3518; x_wconf 84' lang='lat'>3.</span> <span class='ocrx_word' id='word_1_220' title='bbox 650 3462 932 3530; x_wconf 62' lang='lat' dir='ltr'>Secundam,</span> <span class='ocrx_word' id='word_1_221' title='bbox 982 3461 1225 3514; x_wconf 82' lang='lat' dir='ltr'>Alterum</span> <span class='ocrx_word' id='word_1_222' title='bbox 1257 3460 1363 3513; x_wconf 86' lang='lat' dir='ltr'>hoc</span> <span class='ocrx_word' id='word_1_223' title='bbox 1400 3479 1489 3530; x_wconf 78' lang='lat' dir='ltr'>go-</span> 
     </span>
     <span class='ocr_line' id='line_1_39' title="bbox 466 3539 1487 3612; baseline -0.004 -17"><span class='ocrx_word' id='word_1_224' title='bbox 466 3561 568 3595; x_wconf 87' lang='lat' dir='ltr'>nus</span> <span class='ocrx_word' id='word_1_225' title='bbox 618 3543 866 3612; x_wconf 67' lang='lat' dir='ltr'>picturae,</span> <span class='ocrx_word' id='word_1_226' title='bbox 908 3539 1203 3591; x_wconf 82' lang='lat' dir='ltr'>coloratum</span> <span class='ocrx_word' id='word_1_227' title='bbox 1256 3539 1450 3591; x_wconf 83' lang='lat' dir='ltr'>scilicet</span> <span class='ocrx_word' id='word_1_228' title='bbox 1470 3577 1487 3602; x_wconf 91' lang='lat'>,</span> 
     </span>
     <span class='ocr_line' id='line_1_40' title="bbox 468 3617 1485 3687; baseline -0.004 -13"><span class='ocrx_word' id='word_1_229' title='bbox 468 3621 558 3676; x_wconf 87' lang='lat' dir='ltr'>sed</span> <span class='ocrx_word' id='word_1_230' title='bbox 592 3621 771 3674; x_wconf 87' lang='lat' dir='ltr'>colore</span> <span class='ocrx_word' id='word_1_231' title='bbox 813 3617 997 3682; x_wconf 84' lang='lat' dir='ltr'>unico,</span> <span class='ocrx_word' id='word_1_232' title='bbox 1029 3617 1120 3687; x_wconf 87' lang='lat' dir='ltr'>qui</span> <span class='ocrx_word' id='word_1_233' title='bbox 1161 3617 1352 3670; x_wconf 71' lang='lat' dir='ltr'>tabulas</span> <span class='ocrx_word' id='word_1_234' title='bbox 1388 3617 1485 3670; x_wconf 85' lang='lat' dir='ltr'>toti</span> 
     </span>
     <span class='ocr_line' id='line_1_41' title="bbox 467 3695 1263 3774; baseline -0.01 -19"><span class='ocrx_word' id='word_1_235' title='bbox 467 3702 739 3774; x_wconf 57' lang='lat' dir='ltr'>aequaliter</span> <span class='ocrx_word' id='word_1_236' title='bbox 768 3697 1057 3753; x_wconf 84' lang='lat' dir='ltr'>inducitur.</span> <span class='ocrx_word' id='word_1_237' title='bbox 1082 3695 1263 3748; x_wconf 60' lang='lat' dir='ltr'>Ham).</span> 
     </span>
    </p>

    <p class='ocr_par' dir='ltr' id='par_1_8' title="bbox 464 3775 1485 3992">
     <span class='ocr_line' id='line_1_42' title="bbox 552 3775 1483 3846; baseline -0.01 -12"><span class='ocrx_word' id='word_1_238' title='bbox 552 3789 603 3846; x_wconf 76' lang='grc'>4.</span> <span class='ocrx_word' id='word_1_239' title='bbox 636 3781 707 3832; x_wconf 79' lang='lat' dir='ltr'>Et</span> <span class='ocrx_word' id='word_1_240' title='bbox 743 3777 1169 3831; x_wconf 73' lang='lat' dir='ltr'>monochromaton.</span> <span class='ocrx_word' id='word_1_241' title='bbox 1212 3775 1483 3846; x_wconf 77' lang='grc' dir='ltr'>Μονοχρῶ-</span> 
     </span>
     <span class='ocr_line' id='line_1_43' title="bbox 464 3855 1481 3929; baseline -0.005 -17"><span class='ocrx_word' id='word_1_242' title='bbox 464 3881 646 3929; x_wconf 75' lang='grc' dir='ltr'>μαι-ον,</span> <span class='ocrx_word' id='word_1_243' title='bbox 668 3859 748 3912; x_wconf 83' lang='lat' dir='ltr'>vel</span> <span class='ocrx_word' id='word_1_244' title='bbox 764 3860 1037 3929; x_wconf 72' lang='grc' dir='ltr'><strong>μονόχροον,</strong></span> <span class='ocrx_word' id='word_1_245' title='bbox 1064 3855 1130 3907; x_wconf 86' lang='lat' dir='ltr'>ab</span> <span class='ocrx_word' id='word_1_246' title='bbox 1152 3872 1264 3906; x_wconf 85' lang='lat' dir='ltr'>uuo</span> <span class='ocrx_word' id='word_1_247' title='bbox 1282 3856 1481 3908; x_wconf 88' lang='lat' dir='ltr'>colore.</span> 
     </span>
     <span class='ocr_line' id='line_1_44' title="bbox 464 3933 1485 3992; baseline -0.003 -3"><span class='ocrx_word' id='word_1_248' title='bbox 464 3939 735 3992; x_wconf 83' lang='lat' dir='ltr'>Picturam</span> <span class='ocrx_word' id='word_1_249' title='bbox 805 3939 941 3990; x_wconf 80' lang='lat' dir='ltr'>hanc</span> <span class='ocrx_word' id='word_1_250' title='bbox 1007 3933 1485 3988; x_wconf 82' lang='lat' dir='ltr'>monochromaton</span> 
     </span>
    </p>
   </div>
   <div class='ocr_carea' id='block_1_6' title="bbox 463 4014 1487 4089">
    <p class='ocr_par' dir='ltr' id='par_1_9' title="bbox 463 4014 1487 4089">
     <span class='ocr_line' id='line_1_45' title="bbox 463 4014 1487 4089; baseline -0.002 -21"><span class='ocrx_word' id='word_1_251' title='bbox 463 4017 828 4082; x_wconf 83' lang='lat' dir='ltr'>Quintilianus</span> <span class='ocrx_word' id='word_1_252' title='bbox 843 4015 1071 4089; x_wconf 81' lang='lat' dir='ltr'>appellat</span> <span class='ocrx_word' id='word_1_253' title='bbox 1088 4014 1377 4085; x_wconf 84' lang='lat' dir='ltr'>simplicem</span> <span class='ocrx_word' id='word_1_254' title='bbox 1397 4031 1487 4066; x_wconf 89' lang='lat' dir='ltr'>co-</span> 
     </span>
    </p>
   </div>
   <div class='ocr_carea' id='block_1_7' title="bbox 1571 1490 2604 4066">
    <p class='ocr_par' dir='ltr' id='par_1_10' title="bbox 1579 1490 2604 1940">
     <span class='ocr_line' id='line_1_46' title="bbox 1579 1490 2598 1562; baseline 0.005 -23"><span class='ocrx_word' id='word_1_255' title='bbox 1579 1498 1695 1552; x_wconf 85' lang='lat' dir='ltr'>tus,</span> <span class='ocrx_word' id='word_1_256' title='bbox 1753 1501 1908 1559; x_wconf 83' lang='lat' dir='ltr'>atque</span> <span class='ocrx_word' id='word_1_257' title='bbox 1967 1490 2340 1561; x_wconf 54' lang='lat' dir='ltr'>Aglaophon„</span> <span class='ocrx_word' id='word_1_258' title='bbox 2367 1509 2598 1562; x_wconf 85' lang='lat' dir='ltr'>quorum</span> 
     </span>
     <span class='ocr_line' id='line_1_47' title="bbox 1579 1566 2600 1636; baseline 0.006 -18"><span class='ocrx_word' id='word_1_259' title='bbox 1579 1566 1803 1636; x_wconf 84' lang='lat' dir='ltr'>simplex</span> <span class='ocrx_word' id='word_1_260' title='bbox 1853 1569 2001 1622; x_wconf 85' lang='lat' dir='ltr'>color</span> <span class='ocrx_word' id='word_1_261' title='bbox 2051 1581 2156 1622; x_wconf 84' lang='lat' dir='ltr'>tam</span> <span class='ocrx_word' id='word_1_262' title='bbox 2207 1571 2289 1622; x_wconf 81' lang='lat' dir='ltr'>sui</span> <span class='ocrx_word' id='word_1_263' title='bbox 2337 1569 2600 1624; x_wconf 77' lang='lat' dir='ltr'>studiosos</span> 
     </span>
     <span class='ocr_line' id='line_1_48' title="bbox 1579 1645 2601 1712; baseline 0.007 -15"><span class='ocrx_word' id='word_1_264' title='bbox 1579 1645 1755 1698; x_wconf 85' lang='lat' dir='ltr'>adhuc</span> <span class='ocrx_word' id='word_1_265' title='bbox 1775 1647 1964 1712; x_wconf 85' lang='lat' dir='ltr'>habet,</span> <span class='ocrx_word' id='word_1_266' title='bbox 1988 1661 2090 1702; x_wconf 87' lang='lat' dir='ltr'>etc.</span> <span class='ocrx_word' id='word_1_267' title='bbox 2119 1674 2142 1696; x_wconf 77' lang='grc' dir='ltr'>ι</span> <span class='ocrx_word' id='word_1_268' title='bbox 2168 1650 2601 1704; x_wconf 69' lang='lat' dir='ltr'>monochromata</span> 
     </span>
     <span class='ocr_line' id='line_1_49' title="bbox 1579 1726 2600 1800; baseline 0.005 -24"><span class='ocrx_word' id='word_1_269' title='bbox 1579 1726 1948 1797; x_wconf 80' lang='lat' dir='ltr'>Dalecampius</span> <span class='ocrx_word' id='word_1_270' title='bbox 1989 1745 2110 1779; x_wconf 89' lang='lat' dir='ltr'>cum</span> <span class='ocrx_word' id='word_1_271' title='bbox 2153 1729 2600 1800; x_wconf 65' lang='lat' dir='ltr'>monogr-ammio,</span> 
     </span>
     <span class='ocr_line' id='line_1_50' title="bbox 1579 1805 2604 1877; baseline 0.007 -23"><span class='ocrx_word' id='word_1_272' title='bbox 1579 1820 1696 1876; x_wconf 53' lang='grc' dir='ltr'>(με</span> <span class='ocrx_word' id='word_1_273' title='bbox 1737 1805 1886 1857; x_wconf 81' lang='lat' dir='ltr'>fuere</span> <span class='ocrx_word' id='word_1_274' title='bbox 1919 1806 2112 1859; x_wconf 85' lang='lat' dir='ltr'>coloris</span> <span class='ocrx_word' id='word_1_275' title='bbox 2151 1810 2417 1877; x_wconf 84' lang='lat' dir='ltr'>expertia,</span> <span class='ocrx_word' id='word_1_276' title='bbox 2465 1808 2604 1862; x_wconf 84' lang='lat' dir='ltr'>male</span> 
     </span>
     <span class='ocr_line' id='line_1_51' title="bbox 1579 1881 2089 1940; baseline 0.006 -6"><span class='ocrx_word' id='word_1_277' title='bbox 1579 1881 1878 1940; x_wconf 80' lang='lat' dir='ltr'>confundit.</span> <span class='ocrx_word' id='word_1_278' title='bbox 1905 1885 2089 1937; x_wconf 68' lang='lat' dir='ltr'>Hau).</span> 
     </span>
    </p>

    <p class='ocr_par' dir='ltr' id='par_1_11' title="bbox 1573 1957 2602 2268">
     <span class='ocr_line' id='line_1_52' title="bbox 1665 1957 2602 2018; baseline 0.004 -4"><span class='ocrx_word' id='word_1_279' title='bbox 1665 1963 1718 2015; x_wconf 84' lang='grc'>5.</span> <span class='ocrx_word' id='word_1_280' title='bbox 1753 1961 1814 2014; x_wconf 87' lang='lat' dir='ltr'><em>V</em></span> <span class='ocrx_word' id='word_1_281' title='bbox 1803 1962 1851 2012; x_wconf 79' lang='lat' dir='ltr'>el</span> <span class='ocrx_word' id='word_1_282' title='bbox 1889 1957 2120 2014; x_wconf 65' lang='lat' dir='ltr'>Cleanthe</span> <span class='ocrx_word' id='word_1_283' title='bbox 2153 1963 2430 2016; x_wconf 57' lang='lat' dir='ltr'>Corinthio:</span> <span class='ocrx_word' id='word_1_284' title='bbox 2451 1965 2602 2018; x_wconf 72' lang='lat' dir='ltr'>Alter</span> 
     </span>
     <span class='ocr_line' id='line_1_53' title="bbox 1578 2039 2602 2111; baseline 0.004 -20"><span class='ocrx_word' id='word_1_285' title='bbox 1578 2039 1668 2091; x_wconf 88' lang='lat' dir='ltr'>hic</span> <span class='ocrx_word' id='word_1_286' title='bbox 1712 2057 1739 2092; x_wconf 80' lang='lat' dir='ltr'>a</span> <span class='ocrx_word' id='word_1_287' title='bbox 1794 2039 2047 2093; x_wconf 81' lang='lat' dir='ltr'>Cleanthe</span> <span class='ocrx_word' id='word_1_288' title='bbox 2095 2041 2411 2108; x_wconf 83' lang='lat' dir='ltr'>Corinthio,</span> <span class='ocrx_word' id='word_1_289' title='bbox 2447 2045 2602 2111; x_wconf 82' lang='lat' dir='ltr'>cujus</span> 
     </span>
     <span class='ocr_line' id='line_1_54' title="bbox 1575 2117 2599 2188; baseline 0.005 -20"><span class='ocrx_word' id='word_1_290' title='bbox 1575 2117 1808 2188; x_wconf 85' lang='lat' dir='ltr'>picturas</span> <span class='ocrx_word' id='word_1_291' title='bbox 1833 2117 2013 2171; x_wconf 80' lang='lat' dir='ltr'>laudat</span> <span class='ocrx_word' id='word_1_292' title='bbox 2054 2120 2277 2184; x_wconf 84' lang='lat' dir='ltr'>Strabo,</span> <span class='ocrx_word' id='word_1_293' title='bbox 2317 2120 2412 2173; x_wconf 87' lang='lat' dir='ltr'>lib.</span> <span class='ocrx_word' id='word_1_294' title='bbox 2435 2121 2599 2186; x_wconf 84' lang='lat' dir='ltr'>VIII,</span> 
     </span>
     <span class='ocr_line' id='line_1_55' title="bbox 1573 2196 2072 2268; baseline 0.006 -21"><span class='ocrx_word' id='word_1_295' title='bbox 1573 2215 1692 2268; x_wconf 77' lang='lat' dir='ltr'>pag.</span> <span class='ocrx_word' id='word_1_296' title='bbox 1729 2196 1862 2260; x_wconf 71' lang='lat'>343.</span> <span class='ocrx_word' id='word_1_297' title='bbox 1891 2196 2072 2250; x_wconf 64' lang='lat' dir='ltr'>Hann.</span> 
     </span>
    </p>

    <p class='ocr_par' dir='ltr' id='par_1_12' title="bbox 1577 2276 2598 2487">
     <span class='ocr_line' id='line_1_56' title="bbox 1659 2276 2598 2332; baseline 0.002 -4"><span class='ocrx_word' id='word_1_298' title='bbox 1659 2279 1713 2328; x_wconf 84' lang='lat'>6.</span> <span class='ocrx_word' id='word_1_299' title='bbox 1729 2277 2006 2328; x_wconf 78' lang='lat' dir='ltr'>Etiamnum</span> <span class='ocrx_word' id='word_1_300' title='bbox 2021 2276 2191 2328; x_wconf 75' lang='lat' dir='ltr'>colore.</span> <span class='ocrx_word' id='word_1_301' title='bbox 2209 2278 2352 2328; x_wconf 88' lang='lat' dir='ltr'>Brot.</span> <span class='ocrx_word' id='word_1_302' title='bbox 2365 2295 2430 2331; x_wconf 84' lang='lat' dir='ltr'>ex</span> <span class='ocrx_word' id='word_1_303' title='bbox 2443 2277 2598 2332; x_wconf 77' lang='lat' dir='ltr'><strong>MSS.</strong></span> 
     </span>
     <span class='ocr_line' id='line_1_57' title="bbox 1577 2353 2598 2426; baseline 0.004 -20"><span class='ocrx_word' id='word_1_304' title='bbox 1577 2355 1742 2426; x_wconf 76' lang='lat' dir='ltr'>Regg.</span> <span class='ocrx_word' id='word_1_305' title='bbox 1781 2369 1834 2408; x_wconf 89' lang='lat' dir='ltr'>et</span> <span class='ocrx_word' id='word_1_306' title='bbox 1860 2353 1990 2409; x_wconf 88' lang='lat' dir='ltr'>edit.</span> <span class='ocrx_word' id='word_1_307' title='bbox 2025 2355 2272 2426; x_wconf 83' lang='lat' dir='ltr'>principe</span> <span class='ocrx_word' id='word_1_308' title='bbox 2291 2393 2308 2420; x_wconf 85' lang='lat'><em>‚</em></span> <span class='ocrx_word' id='word_1_309' title='bbox 2337 2360 2598 2410; x_wconf 76' lang='lat' dir='ltr'>etiamnum</span> 
     </span>
     <span class='ocr_line' id='line_1_58' title="bbox 1577 2434 2528 2487; baseline 0.002 -1"><span class='ocrx_word' id='word_1_310' title='bbox 1577 2435 1628 2486; x_wconf 75' lang='grc' dir='ltr'>Ιιί</span> <span class='ocrx_word' id='word_1_311' title='bbox 1647 2434 1818 2486; x_wconf 78' lang='lat' dir='ltr'>colore.</span> <span class='ocrx_word' id='word_1_312' title='bbox 1853 2436 1958 2487; x_wconf 83' lang='lat' dir='ltr'>En.</span> <span class='ocrx_word' id='word_1_313' title='bbox 2523 2437 2528 2442; x_wconf 65' lang='grc'><strong><em>’</em></strong></span> 
     </span>
    </p>

    <p class='ocr_par' dir='ltr' id='par_1_13' title="bbox 1571 2511 2602 4066">
     <span class='ocr_line' id='line_1_59' title="bbox 1657 2511 2598 2583; baseline 0.005 -17"><span class='ocrx_word' id='word_1_314' title='bbox 1657 2531 1709 2582; x_wconf 83' lang='grc'>7.</span> <span class='ocrx_word' id='word_1_315' title='bbox 1745 2511 2034 2583; x_wconf 60' lang='lat' dir='ltr'>Sparge-ntes</span> <span class='ocrx_word' id='word_1_316' title='bbox 2061 2515 2211 2565; x_wconf 80' lang='lat' dir='ltr'>lineas</span> <span class='ocrx_word' id='word_1_317' title='bbox 2241 2517 2387 2569; x_wconf 77' lang='lat' dir='ltr'>imus.</span> <span class='ocrx_word' id='word_1_318' title='bbox 2416 2516 2598 2571; x_wconf 72' lang='lat' dir='ltr'>Altera</span> 
     </span>
     <span class='ocr_line' id='line_1_60' title="bbox 1573 2591 2599 2663; baseline 0.004 -19"><span class='ocrx_word' id='word_1_319' title='bbox 1573 2591 1688 2644; x_wconf 71' lang='lat' dir='ltr'>hnc</span> <span class='ocrx_word' id='word_1_320' title='bbox 1729 2592 1944 2646; x_wconf 79' lang='lat' dir='ltr'>linearis</span> <span class='ocrx_word' id='word_1_321' title='bbox 1983 2593 2191 2663; x_wconf 82' lang='lat' dir='ltr'>pictura</span> <span class='ocrx_word' id='word_1_322' title='bbox 2235 2604 2338 2657; x_wconf 85' lang='lat' dir='ltr'>est,</span> <span class='ocrx_word' id='word_1_323' title='bbox 2377 2594 2599 2648; x_wconf 79' lang='lat' dir='ltr'>rudior-e</span> 
     </span>
     <span class='ocr_line' id='line_1_61' title="bbox 1575 2670 2599 2743; baseline 0.005 -21"><span class='ocrx_word' id='word_1_324' title='bbox 1575 2671 1664 2723; x_wconf 87' lang='lat' dir='ltr'>illa</span> <span class='ocrx_word' id='word_1_325' title='bbox 1719 2670 2023 2741; x_wconf 80' lang='lat' dir='ltr'>perfectior,</span> <span class='ocrx_word' id='word_1_326' title='bbox 2075 2690 2194 2741; x_wconf 64' lang='lat' dir='ltr'>quo</span> <span class='ocrx_word' id='word_1_327' title='bbox 2249 2673 2424 2743; x_wconf 86' lang='lat' dir='ltr'>primo</span> <span class='ocrx_word' id='word_1_328' title='bbox 2477 2674 2599 2727; x_wconf 87' lang='lat' dir='ltr'>loco</span> 
     </span>
     <span class='ocr_line' id='line_1_62' title="bbox 1575 2750 2598 2820; baseline 0.002 -18"><span class='ocrx_word' id='word_1_329' title='bbox 1575 2750 1830 2820; x_wconf 83' lang='lat' dir='ltr'>explicata</span> <span class='ocrx_word' id='word_1_330' title='bbox 1867 2763 1946 2804; x_wconf 75' lang='lat' dir='ltr'>est</span> <span class='ocrx_word' id='word_1_331' title='bbox 1971 2769 1985 2804; x_wconf 71' lang='grc' dir='ltr'><strong>ε</strong></span> <span class='ocrx_word' id='word_1_332' title='bbox 2012 2769 2133 2804; x_wconf 83' lang='lat' dir='ltr'>nam</span> <span class='ocrx_word' id='word_1_333' title='bbox 2165 2751 2251 2805; x_wconf 87' lang='lat' dir='ltr'>illa</span> <span class='ocrx_word' id='word_1_334' title='bbox 2290 2752 2446 2806; x_wconf 79' lang='lat' dir='ltr'>lineis</span> <span class='ocrx_word' id='word_1_335' title='bbox 2480 2764 2598 2805; x_wconf 83' lang='lat' dir='ltr'>tan-</span> 
     </span>
     <span class='ocr_line' id='line_1_63' title="bbox 1576 2828 2599 2900; baseline 0.005 -19"><span class='ocrx_word' id='word_1_336' title='bbox 1576 2840 1690 2881; x_wconf 85' lang='lat' dir='ltr'>tum</span> <span class='ocrx_word' id='word_1_337' title='bbox 1718 2829 1879 2883; x_wconf 81' lang='lat' dir='ltr'>fiebat</span> <span class='ocrx_word' id='word_1_338' title='bbox 1903 2828 2479 2900; x_wconf 84' lang='lat' dir='ltr'>comprehendentibus</span> <span class='ocrx_word' id='word_1_339' title='bbox 2507 2850 2599 2886; x_wconf 79' lang='lat' dir='ltr'>ex·</span> 
     </span>
     <span class='ocr_line' id='line_1_64' title="bbox 1573 2907 2593 2981; baseline 0.002 -19"><span class='ocrx_word' id='word_1_340' title='bbox 1573 2909 1824 2962; x_wconf 78' lang='lat' dir='ltr'>terior-em</span> <span class='ocrx_word' id='word_1_341' title='bbox 1860 2907 2143 2981; x_wconf 80' lang='lat' dir='ltr'>pingendae</span> <span class='ocrx_word' id='word_1_342' title='bbox 2171 2909 2246 2962; x_wconf 87' lang='lat' dir='ltr'>rei</span> <span class='ocrx_word' id='word_1_343' title='bbox 2285 2911 2542 2976; x_wconf 83' lang='lat' dir='ltr'>ambitum</span> <span class='ocrx_word' id='word_1_344' title='bbox 2577 2930 2593 2964; x_wconf 77' lang='lat' dir='ltr'><strong><em>z</em></strong></span> 
     </span>
     <span class='ocr_line' id='line_1_65' title="bbox 1573 2987 2598 3058; baseline 0.002 -18"><span class='ocrx_word' id='word_1_345' title='bbox 1573 2987 1688 3040; x_wconf 70' lang='lat' dir='ltr'>hinc</span> <span class='ocrx_word' id='word_1_346' title='bbox 1723 2989 1978 3058; x_wconf 77' lang='lat' dir='ltr'>plurimas</span> <span class='ocrx_word' id='word_1_347' title='bbox 2021 2987 2252 3042; x_wconf 82' lang='lat' dir='ltr'>addebat</span> <span class='ocrx_word' id='word_1_348' title='bbox 2292 2991 2418 3043; x_wconf 83' lang='lat' dir='ltr'>alias</span> <span class='ocrx_word' id='word_1_349' title='bbox 2457 2991 2598 3042; x_wconf 83' lang='lat' dir='ltr'>intus</span> 
     </span>
     <span class='ocr_line' id='line_1_66' title="bbox 1575 3067 2602 3140; baseline 0.002 -22"><span class='ocrx_word' id='word_1_350' title='bbox 1575 3083 1676 3138; x_wconf 86' lang='lat' dir='ltr'>pro</span> <span class='ocrx_word' id='word_1_351' title='bbox 1703 3068 1907 3120; x_wconf 70' lang='lat' dir='ltr'>umbro</span> <span class='ocrx_word' id='word_1_352' title='bbox 1935 3069 2143 3120; x_wconf 86' lang='lat' dir='ltr'>ratione</span> <span class='ocrx_word' id='word_1_353' title='bbox 2167 3085 2383 3140; x_wconf 70' lang='lat' dir='ltr'>sparsae.</span> <span class='ocrx_word' id='word_1_354' title='bbox 2409 3067 2602 3122; x_wconf 83' lang='lat' dir='ltr'>Nomi-</span> 
     </span>
     <span class='ocr_line' id='line_1_67' title="bbox 1573 3146 2595 3217; baseline 0.002 -19"><span class='ocrx_word' id='word_1_355' title='bbox 1573 3157 1734 3199; x_wconf 86' lang='lat' dir='ltr'>natur</span> <span class='ocrx_word' id='word_1_356' title='bbox 1755 3146 1867 3200; x_wconf 80' lang='lat' dir='ltr'>haec</span> <span class='ocrx_word' id='word_1_357' title='bbox 1881 3147 2006 3198; x_wconf 83' lang='lat' dir='ltr'>alias</span> <span class='ocrx_word' id='word_1_358' title='bbox 2025 3148 2180 3198; x_wconf 88' lang='lat' dir='ltr'>etiam</span> <span class='ocrx_word' id='word_1_359' title='bbox 2197 3147 2595 3217; x_wconf 68' lang='lat' dir='ltr'>gmplzis,groeca</span> 
     </span>
     <span class='ocr_line' id='line_1_68' title="bbox 1575 3224 2598 3289; baseline 0 -13"><span class='ocrx_word' id='word_1_360' title='bbox 1575 3224 1886 3280; x_wconf 84' lang='lat' dir='ltr'>imitatione.</span> <span class='ocrx_word' id='word_1_361' title='bbox 1907 3225 2210 3289; x_wconf 78' lang='lat' dir='ltr'>Vitruvius,</span> <span class='ocrx_word' id='word_1_362' title='bbox 2233 3227 2281 3286; x_wconf 88' lang='lat'>1,</span> <span class='ocrx_word' id='word_1_363' title='bbox 2320 3243 2371 3288; x_wconf 87' lang='lat'>1,</span> <span class='ocrx_word' id='word_1_364' title='bbox 2393 3227 2484 3277; x_wconf 85' lang='lat' dir='ltr'>ubi</span> <span class='ocrx_word' id='word_1_365' title='bbox 2513 3225 2598 3277; x_wconf 86' lang='lat' dir='ltr'>lo·</span> 
     </span>
     <span class='ocr_line' id='line_1_69' title="bbox 1574 3302 2596 3374; baseline 0.001 -19"><span class='ocrx_word' id='word_1_366' title='bbox 1574 3303 1761 3374; x_wconf 85' lang='lat' dir='ltr'>quitur</span> <span class='ocrx_word' id='word_1_367' title='bbox 1787 3302 1854 3358; x_wconf 88' lang='lat' dir='ltr'>de</span> <span class='ocrx_word' id='word_1_368' title='bbox 1883 3303 2206 3357; x_wconf 85' lang='lat' dir='ltr'>architecto:</span> <span class='ocrx_word' id='word_1_369' title='bbox 2235 3328 2256 3350; x_wconf 77' lang='grc' dir='ltr'>ι</span> <span class='ocrx_word' id='word_1_370' title='bbox 2283 3303 2494 3356; x_wconf 86' lang='lat' dir='ltr'>Debere</span> <span class='ocrx_word' id='word_1_371' title='bbox 2522 3305 2596 3356; x_wconf 84' lang='lat' dir='ltr'>ait</span> 
     </span>
     <span class='ocr_line' id='line_1_70' title="bbox 1575 3381 2594 3454; baseline 0 -20"><span class='ocrx_word' id='word_1_372' title='bbox 1575 3381 1862 3454; x_wconf 78' lang='lat' dir='ltr'>graphidos</span> <span class='ocrx_word' id='word_1_373' title='bbox 1900 3383 2172 3436; x_wconf 83' lang='lat' dir='ltr'>scientiam</span> <span class='ocrx_word' id='word_1_374' title='bbox 2217 3382 2442 3444; x_wconf 86' lang='lat' dir='ltr'>habere,</span> <span class='ocrx_word' id='word_1_375' title='bbox 2485 3399 2594 3452; x_wconf 85' lang='lat' dir='ltr'>quo</span> 
     </span>
     <span class='ocr_line' id='line_1_71' title="bbox 1577 3459 2592 3531; baseline -0.002 -17"><span class='ocrx_word' id='word_1_376' title='bbox 1577 3461 1781 3514; x_wconf 79' lang='lat' dir='ltr'>facilius</span> <span class='ocrx_word' id='word_1_377' title='bbox 1807 3460 2196 3531; x_wconf 81' lang='lat' dir='ltr'>exemplaribus</span> <span class='ocrx_word' id='word_1_378' title='bbox 2225 3459 2406 3528; x_wconf 89' lang='lat' dir='ltr'>pictis,</span> <span class='ocrx_word' id='word_1_379' title='bbox 2433 3477 2592 3530; x_wconf 83' lang='lat' dir='ltr'>quam</span> 
     </span>
     <span class='ocr_line' id='line_1_72' title="bbox 1574 3536 2600 3610; baseline 0.002 -20"><span class='ocrx_word' id='word_1_380' title='bbox 1574 3539 1702 3592; x_wconf 74' lang='lat' dir='ltr'>velit</span> <span class='ocrx_word' id='word_1_381' title='bbox 1719 3541 1894 3610; x_wconf 85' lang='lat' dir='ltr'>operis</span> <span class='ocrx_word' id='word_1_382' title='bbox 1913 3539 2139 3608; x_wconf 86' lang='lat' dir='ltr'>speciem</span> <span class='ocrx_word' id='word_1_383' title='bbox 2153 3576 2170 3602; x_wconf 89' lang='lat'>,</span> <span class='ocrx_word' id='word_1_384' title='bbox 2188 3536 2490 3591; x_wconf 80' lang='lat' dir='ltr'>deformare</span> <span class='ocrx_word' id='word_1_385' title='bbox 2511 3557 2600 3592; x_wconf 82' lang='lat' dir='ltr'>va·</span> 
     </span>
     <span class='ocr_line' id='line_1_73' title="bbox 1571 3617 2596 3688; baseline 0.002 -19"><span class='ocrx_word' id='word_1_386' title='bbox 1571 3617 1695 3672; x_wconf 86' lang='lat' dir='ltr'>leat.</span> <span class='ocrx_word' id='word_1_387' title='bbox 1731 3643 1753 3664; x_wconf 68' lang='grc' dir='ltr'><strong><em>ι</em></strong></span> <span class='ocrx_word' id='word_1_388' title='bbox 1799 3619 1985 3688; x_wconf 85' lang='lat' dir='ltr'>Neque</span> <span class='ocrx_word' id='word_1_389' title='bbox 2023 3619 2165 3670; x_wconf 86' lang='lat' dir='ltr'>enim</span> <span class='ocrx_word' id='word_1_390' title='bbox 2205 3617 2374 3670; x_wconf 79' lang='lat' dir='ltr'>solent</span> <span class='ocrx_word' id='word_1_391' title='bbox 2415 3637 2596 3671; x_wconf 86' lang='lat' dir='ltr'>exem-</span> 
     </span>
     <span class='ocr_line' id='line_1_74' title="bbox 1572 3696 2594 3768; baseline 0 -18"><span class='ocrx_word' id='word_1_392' title='bbox 1572 3697 1740 3768; x_wconf 86' lang='lat' dir='ltr'>plaria</span> <span class='ocrx_word' id='word_1_393' title='bbox 1799 3696 2148 3750; x_wconf 61' lang='lat' dir='ltr'>edificiorum</span> <span class='ocrx_word' id='word_1_394' title='bbox 2211 3697 2376 3759; x_wconf 80' lang='lat' dir='ltr'>aliter,</span> <span class='ocrx_word' id='word_1_395' title='bbox 2438 3716 2594 3768; x_wconf 83' lang='lat' dir='ltr'>quam</span> 
     </span>
     <span class='ocr_line' id='line_1_75' title="bbox 1573 3775 2595 3848; baseline 0.001 -19"><span class='ocrx_word' id='word_1_396' title='bbox 1573 3778 1786 3848; x_wconf 78' lang='lat' dir='ltr'>pictura</span> <span class='ocrx_word' id='word_1_397' title='bbox 1830 3777 2019 3830; x_wconf 85' lang='lat' dir='ltr'>lineari</span> <span class='ocrx_word' id='word_1_398' title='bbox 2063 3775 2274 3829; x_wconf 80' lang='lat' dir='ltr'>confici.</span> <span class='ocrx_word' id='word_1_399' title='bbox 2314 3777 2430 3830; x_wconf 81' lang='lat' dir='ltr'>Hoc</span> <span class='ocrx_word' id='word_1_400' title='bbox 2467 3796 2595 3830; x_wconf 74' lang='lat' dir='ltr'>vero</span> 
     </span>
     <span class='ocr_line' id='line_1_76' title="bbox 1572 3855 2594 3926; baseline 0.001 -18"><span class='ocrx_word' id='word_1_401' title='bbox 1572 3856 1848 3910; x_wconf 82' lang='lat' dir='ltr'>inventum</span> <span class='ocrx_word' id='word_1_402' title='bbox 1880 3857 2102 3926; x_wconf 63' lang='lat' dir='ltr'>pictura</span> <span class='ocrx_word' id='word_1_403' title='bbox 2136 3855 2347 3908; x_wconf 84' lang='lat' dir='ltr'>linearis</span> <span class='ocrx_word' id='word_1_404' title='bbox 2378 3855 2594 3909; x_wconf 82' lang='lat' dir='ltr'>Cratoni</span> 
     </span>
     <span class='ocr_line' id='line_1_77' title="bbox 1573 3934 2596 4005; baseline 0.002 -18"><span class='ocrx_word' id='word_1_405' title='bbox 1573 3934 1943 4005; x_wconf 77' lang='lat' dir='ltr'>Athenagoras</span> <span class='ocrx_word' id='word_1_406' title='bbox 1991 3935 2264 4000; x_wconf 86' lang='lat' dir='ltr'>attribuit,</span> <span class='ocrx_word' id='word_1_407' title='bbox 2309 3935 2424 3986; x_wconf 86' lang='lat' dir='ltr'>loco</span> <span class='ocrx_word' id='word_1_408' title='bbox 2472 3946 2596 3989; x_wconf 80' lang='lat' dir='ltr'>ante</span> 
     </span>
     <span class='ocr_line' id='line_1_78' title="bbox 1575 4011 1874 4066; baseline 0 0"><span class='ocrx_word' id='word_1_409' title='bbox 1575 4013 1666 4066; x_wconf 87' lang='lat' dir='ltr'>cit.</span> <span class='ocrx_word' id='word_1_410' title='bbox 1693 4011 1874 4066; x_wconf 57' lang='lat' dir='ltr'>Hinn.</span> 
     </span>
    </p>
   </div>
  </div>
 </body>
</html>
