2975 4684
424 371 557 440 262
1112 371 1671 439 -EXCURSUS
1721 373 1821 440 ΙΙ.

484 489 781 561 Metallurgi
807 485 1063 542 cadmiam
1079 488 1259 542 dixere
1279 489 1506 560 lapidem
1521 489 1890 542 calaminarem
1911 489 1927 554 ,
1951 508 2060 560 quo
2079 488 2147 542 ad
2169 491 2532 544 aurichalcum

413 593 473 626 ex
503 593 604 627 atre
632 573 1021 626 conficiendum
1047 584 1289 625 utuntur.
1323 573 1564 636 Tandem
1589 572 1840 626 Germani
1873 573 2089 625 cadmioe
2123 591 2312 626 nomen
2341 579 2532 628 cobaloo

412 661 656 714 tribuere.
688 661 821 713 Eam
847 660 916 712 ob
939 679 1055 712 rem
1086 661 1328 731 Agricola
1348 679 1471 713 cum
1497 660 1872 714 recentioribus
1899 661 2159 732 triplicem
2181 661 2398 716 cadmia
2417 682 2534 734 spe-
2593 675 2600 680 ‘

298 752 301 755 ’
410 749 543 803 ciem
558 751 859 813 constituit;
884 749 1200 803 metallicam
1221 767 1383 802 unam
1400 752 1540 820 (quo
1561 750 1827 802 cobaltum
1849 750 2041 821 ipsum,
2061 755 2108 802 Ie
2124 755 2285 800 cobalt
2301 787 2318 814 ,
2339 749 2404 802 de
2423 769 2531 821 quo

408 837 497 890 hic
534 855 687 908 agere
724 839 1159 908 supervacuum),
1186 835 1415 888 fossilem
1450 837 1698 896 alteram,
1739 837 1953 888 tertiam
1989 837 2328 889 fot-naccam:
2367 855 2528 908 quam

348 965 355 972 .
407 922 725 977 divisionem
752 923 1117 974 retinebimus.

480 1009 695 1062 Cadmia
720 1010 919 1073 nativa,
944 1008 1163 1080 Cypria,
1195 1006 1389 1078 καὸμίοι
1414 1005 1642 1071 λιθώδης,
1675 1007 1864 1061 Galeni
1889 1025 1905 1061 ε
1933 1009 2069 1080 lapis
2103 1027 2322 1072 unrocus,
2353 1009 2533 1062 Plinii.

403 1097 699 1151 Substantia
723 1095 908 1148 fossilis
932 1104 1037 1156 est,
1076 1112 1168 1146 seu
1196 1095 1374 1164 potius
1402 1092 1644 1164 quaedam
1673 1095 1824 1165 cupri
1856 1095 2086 1160 minera,
2118 1114 2181 1146 ex
2209 1115 2310 1167 qua
2339 1097 2534 1150 Plinius

402 1196 577 1239 narrat
596 1199 823 1254 cuprum
843 1181 1049 1232 fusione
1066 1179 1265 1232 extrahi
1284 1179 1441 1233 variis
1462 1179 1518 1232 in
1539 1180 1671 1232 Asiae
1689 1193 1744 1233 et
1761 1181 1839 1232 Ita
1847 1180 1926 1234 lias
1945 1181 2090 1234 locis.
2107 1177 2308 1235 Eadem
2330 1194 2407 1236 est
2425 1185 2528 1236 for-

404 1283 538 1324 tasse
562 1288 725 1340 quam
752 1267 982 1321 Galenus
1014 1268 1070 1319 in
1108 1267 1288 1338 Cypro
1321 1268 1584 1339 reperisse
1619 1280 1822 1333 narrat,
1855 1269 1976 1322 licet
2008 1282 2180 1322 tamen
2214 1289 2324 1323 non
2348 1270 2535 1324 dixerit

404 1375 626 1427 cuprum
652 1375 715 1408 ex
733 1375 789 1407 ea
805 1355 995 1406 confici
1020 1373 1189 1424 posse.
1212 1353 1383 1406 Hodie
1402 1355 1554 1406 nobis
1569 1354 1742 1425 ignota
1763 1367 1840 1408 est
1855 1395 1870 1420 ,
1887 1369 1976 1409 aut
1996 1357 2176 1410 saltem
2193 1375 2316 1411 cum
2335 1357 2532 1410 caeteris

402 1444 557 1515 cupri
583 1443 802 1496 mineris
832 1441 1191 1496 confunditur.
1214 1443 1393 1511 (Conf.
1414 1461 1578 1514 supra
1596 1482 1613 1509 ,
1638 1461 1755 1514 pag.
1780 1447 1880 1496 260
1895 1481 1913 1508 ‚
1940 1447 2187 1514 chalcia.)

471 1532 631 1602 Lapis
650 1532 993 1592 calaminaris,
1013 1531 1171 1584 Offic.
1188 1530 1484 1585 Substantia
1503 1544 1580 1584 est
1598 1531 1808 1596 fossilis,
1825 1531 2016 1586 media
2035 1532 2380 1602 consistentia
2397 1532 2532 1586 inter

402 1618 637 1690 lapidem
666 1633 718 1671 et
743 1631 933 1671 terram
943 1657 960 1682 ,
984 1617 1425 1686 colore,diverso,
1452 1616 1617 1672 modo
1647 1619 1860 1672 cinereo
1893 1636 1986 1672 seu
2011 1638 2077 1673 ex
2105 1621 2230 1672 albo
2263 1619 2496 1692 pallente
2515 1657 2532 1683 ‚

400 1706 563 1758 modo
596 1707 837 1758 subluteo
855 1745 869 1770 ,
895 1702 1057 1757 modo
1080 1723 1145 1757 ex
1176 1705 1329 1775 nigro
1360 1706 1602 1758 rubente.
1621 1705 1745 1757 Haec
1768 1705 2043 1776 sphaernlis
2078 1708 2392 1778 ferrugineis
2419 1725 2531 1778 gra·

402 1811 591 1844 norum
621 1793 818 1863 piperis
845 1793 1016 1860 figura
1050 1801 1102 1842 et
1127 1791 1359 1842 crassitie
1392 1803 1506 1842 tota
1537 1809 1818 1861 conspersa
1850 1806 1956 1856 est,
1983 1805 2034 1846 et
2065 1795 2268 1864 venulis
2295 1795 2427 1848 albis
2447 1793 2532 1846 di-

400 1881 601 1931 stincta.
622 1879 907 1929 Uberrime
925 1877 1125 1928 foditur
1140 1877 1195 1926 in
1218 1895 1343 1946 agro
1362 1876 1694 1936 Bituricensi,
1713 1890 1763 1929 et
1779 1877 1918 1948 apud
1939 1879 2341 1951 Andegavenses
2357 1900 2529 1952 prope

399 1963 730 2020 Salmurium.
765 1965 861 2016 Illa
895 1981 1021 2016 vcro
1056 1964 1112 2014 in
1146 1961 1431 2016 Germania
1460 1976 1512 2015 et
1541 1967 1836 2035 praesertim
1866 1967 1922 2018 in
1955 1985 2085 2038 agro
2119 1953 2526 2039 Aquisgranensi

402 2051 676 2122 reperitur.

472 2139 597 2191 Haec
626 2137 828 2191 cadmia
859 2138 1127 2190 veteribus
1161 2137 1357 2192 Graecis
1392 2139 1574 2210 ignota
1598 2139 1758 2193 fuisse
1782 2139 2028 2205 videtui-3
2059 2139 2238 2193 saltem
2267 2137 2336 2193 ad
2371 2156 2524 2193 usum

400 2226 669 2279 ‘medicum
710 2246 815 2279 non
852 2222 1223 2289 adhibebatur,
1275 2245 1439 2298 quum
1482 2247 1510 2280 a
1555 2227 1857 2281 Dioscoride
1889 2239 1940 2280 et
1977 2226 2178 2279 Galeno
2219 2227 2370 2280 nulla
2413 2229 2526 2298 ejus

399 2315 537 2368 facta
556 2313 713 2367 suerit
732 2313 946 2366 mentio.
960 2313 1133 2366 Hodie
1146 2331 1176 2366 a
1196 2313 1415 2368 medicis
1434 2334 1822 2386 nonnunquam
1837 2313 2288 2386 praescribitur-,ad
2305 2315 2526 2368 hulcera

395 2401 616 2454 humida
640 2399 947 2454 exsiccanda
976 2413 1025 2452 et
1050 2399 1277 2454 sananda
1300 2441 1317 2466 ,
1341 2401 1408 2455 ad
1432 2403 1707 2455 infantium
1733 2397 2108 2454 excoriationes
2133 2401 2524 2472 pet-curandas,

400 2487 481 2539 vel
508 2488 607 2538 sub
630 2488 861 2558 pulveris
886 2487 1176 2540 tenuissimi
1203 2488 1399 2551 forma,
1419 2490 1504 2542 vel
1525 2490 1800 2559 unguentis
1822 2486 2074 2540 admixta.

468 2571 767 2640 (Cadmiam
804 2575 1085 2648 Cypriam,
1118 2595 1211 2629 seu
1247 2575 1475 2646 lapidem
1515 2593 1766 2640 aerosum,
1800 2575 1948 2628 multi
1984 2587 2180 2634 tamen,
2220 2593 2422 2647 neque,
2463 2585 2528 2628 nt

396 2662 621 2724 videtur,
645 2663 909 2716 immerito
936 2663 1006 2717 ad
1033 2676 1321 2718 nostratem
1342 2663 1606 2717 cadmiam
1635 2663 1861 2715 fossilem
1885 2663 2122 2715 referunt
2139 2699 2155 2725 ,
2181 2681 2300 2732 qun
2330 2666 2524 2714 cadmie

384 2752 580 2817 fossile,
596 2754 755 2818 pierre
778 2755 1099 2804 calaminaire
1112 2790 1127 2815 ,
1158 2753 1239 2804 vel
1265 2751 1631 2817 hydro-silicata
1653 2753 1715 2801 de
1735 2753 1876 2816 sinc,
1907 2753 2178 2810 calamitae,
2215 2749 2412 2802 nostris
2429 2767 2524 2819 ap-

320 2859 327 2866 ·
404 2838 645 2908 pellatur.
690 2839 817 2892 Haec
857 2851 933 2891 est
968 2838 1173 2893 cadmia
1204 2857 1355 2911 quoe,
1384 2838 1476 2891 aeri
1514 2837 1709 2899 mixta,
1751 2839 2086 2888 aurichalcum
2109 2838 2330 2908 (laisan,
2366 2840 2524 2889 cuim

390 2930 568 2997 jaune)
610 2927 860 2993 conficit3
895 2943 1192 3002 quanquam
1220 2927 1421 2980 Plinius
1442 2945 1564 2998 cap.
1587 2946 1614 2979 a
1645 2925 1760 2998 huj.
1785 2924 1874 2979 lib.
1895 2926 2216 2997 peculiarem
2235 2925 2526 2979 aurichalci

399 3015 654 3068 mineram
684 3015 889 3077 assent,
938 3003 1065 3086 quae'
1094 3017 1201 3086 jam
1254 3033 1363 3068 non
1388 3051 1404 3076 ,
1458 3013 1588 3067 dum
1627 3033 1688 3068 ea
1723 3014 1974 3068 scriberet
1998 3052 2014 3079 ,
2057 3013 2443 3080 effodiebatur,
2481 3014 2524 3066 si

402 3117 633 3170 unquam
672 3102 863 3154 effossa
904 3101 1051 3170 fuit.)

466 3185 683 3240 Cadmia
712 3187 985 3240 fornacum
1002 3224 1017 3251 ,
1052 3205 1146 3240 seu
1173 3187 1391 3254 factitia,
1416 3187 1614 3260 duplex
1641 3199 1746 3254 θεῖς
1775 3186 1981 3241 cadmia
2013 3188 2204 3242 factitia
2234 3189 2482 3240 Veterum
2505 3223 2522 3248 ,

394 3285 447 3325 et
471 3271 680 3324 cadmia
700 3273 899 3326 factitia
925 3275 1293 3327 Recentiorum
1310 3317 1326 3342 ,
1352 3293 1445 3331 seu
1467 3275 1660 3330 Tuthia
1681 3273 2047 3328 officinarum.

462 3360 830 3426 Dioscorides,
871 3362 1109 3416 Galenus
1147 3377 1204 3417 et
1242 3364 1445 3416 Plinius
1485 3382 1580 3433 per
1619 3363 1873 3417 cadmiam
1911 3361 2163 3415 factitiam
2201 3361 2336 3414 nihil
2373 3359 2517 3412 aliud

394 3447 763 3502 intellexerunt
790 3461 975 3520 prater
998 3465 1383 3504 recrementum
1400 3491 1415 3516 ,
1436 3449 1578 3522 qnod
1603 3469 1666 3504 ex
1687 3452 1802 3502 aeris
1827 3449 2025 3502 minet-a
2043 3487 2056 3510 ,
2077 3446 2204 3500 dum
2223 3449 2276 3499 in
2293 3463 2520 3516 cuprum

400 3535 661 3600 funditur,
690 3535 895 3589 follium
920 3537 1045 3590 flatu
1072 3541 1277 3606 avolat,
1296 3551 1347 3592 et
1372 3538 1594 3591 fornacis
1615 3537 1900 3608 parietibus
1923 3534 2246 3606 camerisqne
2265 3533 2518 3594 adhaeret3

398 3627 549 3697 cujus
586 3623 742 3677 varim
766 3637 891 3677 sunt
918 3627 1119 3697 species
1152 3645 1255 3698 pro
1282 3625 1500 3680 diversis
1531 3627 1641 3697 ejus
1669 3623 2016 3678 concretionis
2045 3621 2255 3694 figuris,
2285 3641 2384 3693 pro
2409 3623 2521 3693 ejus

396 3713 651 3765 tenuitate
680 3711 761 3762 vel
785 3712 1047 3778 crassitie,
1086 3723 1135 3764 et
1162 3715 1398 3766 colorum
1436 3712 1688 3766 varietate
1723 3715 1952 3779 (capnitis
1971 3709 2244 3776 videlicet,
2267 3712 2512 3774 homnis,

388 3802 583 3864 placitis
594 3839 608 3863 ,
633 3803 863 3866 onychitis
876 3838 891 3859 ,
916 3803 1194 3866 ostracitis).

462 3883 669 3938 Verum
700 3886 780 3938 hae
806 3905 988 3942 omnes
1014 3885 1231 3940 cadmia!
1258 3887 1458 3959 species
1484 3905 1628 3940 nunc
1657 3887 1710 3938 in
1739 3884 1969 3939 officinis
2003 3885 2192 3956 ignota
2230 3895 2368 3936 sunt.
2405 3885 2515 3938 Nec

348 4029 355 4038 ,
392 3971 591 4026 Arabes
608 3991 697 4026 eas
720 3987 915 4028 norunt
933 3993 950 4040 3
970 3976 1133 4030 immo
1162 3993 1355 4048 parum
1380 3973 1594 4030 solliciti
1621 3973 1688 4028 de
1715 3973 2016 4028 substantiis
2039 3991 2157 4044 qun
2181 3972 2280 4026 sub
2301 3970 2518 4028 cadmia
