2975 4684
440 344 581 429 498
680 342 1939 415 C.PL1N11NAT.HlsT.L113.
1995 342 2313 410 XXXV.

440 475 679 547 trium¹
686 463 1078 570 ³Pompeii‚
1112 476 1475 570 Augenque
1519 476 1876 557 Demetrii,
1912 498 2284 568 quanquam
2319 486 2385 541 et
2415 475 2560 604 ipsa

444 584 743 677 Pompeii
776 581 1023 650 credita
1052 595 1188 651 est·
1220 569 1744 675 Hipparchum¹⁴
1776 584 1870 649 M.
1905 580 2205 659 Antonii,
2227 566 2559 647 Menam*

446 704 513 757 et
566 691 1014 757 Menecratem
1066 689 1213 756 Sex.
1264 689 1590 780 Pompeii,
1645 687 1939 781 aliosque
1995 686 2338 779 deincepS‚
2393 710 2560 779 quos

444 818 829 862 enumerare
866 795 1001 886 jam
1052 817 1187 861 non
1229 805 1357 876 est,
1420 815 1457 860 e
1515 794 1828 888 sanguine
1871 792 2226 880 Quiritium
2286 805 2352 858 et
2407 815 2559 885 pro·

378 920 408 973 3
446 901 875 994 scriptionum
936 897 1197 967 licentia
1250 898 1508 967 ditatos.
1563 902 1710 967 Hoc
1765 912 1868 967 est
1925 898 2178 992 insigne
2237 895 2562 965 venalitiis

444 1004 782 1098 gregibuS‚
814 1002 1377 1097 opprobriumque
1404 1002 1742 1073 insolentis
1772 1004 2091 1072 fortunae:
2171 1002 2304 1071 uod
2339 1016 2408 1079 et
2436 1028 2558 1069 nos

442 1110 607 1178 adeo
630 1111 826 1203 potiri
848 1132 1068 1177 rerum
1090 1108 1389 1191 vidimus,
1411 1124 1489 1177 ut
1514 1108 2124 1203 praetoria'quoque¹
2173 1120 2558 1177 ornamenta

444 1214 707 1284 decerni
741 1239 778 1281 a
814 1229 1079 1300 senatu,
1112 1213 1387 1306 jubente
1410 1216 1771 1309 Agrippina
1815 1213 2070 1283 Claudii
2109 1215 2420 1298 Caesari5‚
2456 1213 2555 1279 vi-

444 1320 735 1389 derimus
768 1318 1059 1388 libertis:
1105 1333 1494 1413 tantumque
1538 1346 1672 1390 non
1717 1346 1870 1389 cum
1924 1318 2230 1388 laureatis
2279 1318 2559 1388 fascibus

444 1426 687 1495 remitti
740 1423 891 1510 illo,
924 1424 1099 1493 unde
1140 1427 1403 1494 cretatis
1446 1426 1724 1519 pedibus
1767 1425 2202 1494 advenissent.

381 1556 403 1590 ¹
550 1532 728 1600 LIX.
782 1519 998 1623 (xix).
1056 1531 1380 1599 Praeterea
1422 1546 1577 1600 sunt
1619 1555 1862 1625 genera
1907 1545 2119 1604 terrae,
2144 1528 2560 1624 proprietatis

445 1662 611 1723 suae,
644 1635 725 1704 de
766 1636 1005 1730 quibus
1036 1636 1173 1728 jam
1210 1635 1532 1706 diximus¹
1563 1664 1579 1706 :
1613 1636 1725 1705 sed
1769 1652 1838 1705 et
1868 1636 2000 1705 hoc
2039 1634 2186 1705 loco
2229 1634 2560 1706 reddenda

442 1758 696 1810 natura.
734 1746 835 1809 Ex
868 1741 1106 1810 Galata
1140 1741 1385 1827 insula,
1416 1757 1500 1810 .et
1529 1745 1705 1813 circa
1740 1741 2063 1836 Clupeam
2099 1741 2338 1809 Africae
2373 1765 2560 1811 scor-

441 1850 670 1941 piones
705 1860 941 1915 necat:
969 1846 1253 1917 Balearis
1282 1862 1348 1917 et
1378 1848 1742 1917 Ebusitana
1767 1861 2120 1941 serpentes.

439 2021 800 2075 Mithridatem
830 2022 1030 2075 bellum
1070 2025 1244 2095 gessit.
1274 2027 1456 2080 Ham).

524 2100 608 2152 13.
636 2100 947 2153 Demetrium.
972 2102 1165 2156 Seneca
1190 2103 1259 2156 de
1284 2106 1455 2157 Tran-

442 2180 588 2251 quill.
618 2198 732 2251 cap.
760 2199 893 2240 vm,
920 2198 975 2250 p.
1001 2182 1110 2235 682
1138 2200 1151 2234 τ
1186 2208 1208 2229 ι
1236 2182 1456 2236 Felicio-

440 2278 553 2311 rem
592 2272 647 2311 tu
700 2260 1028 2311 Demetrium
1073 2260 1457 2331 Pompeianum

440 2356 595 2391 vocas
615 2378 629 2403 ,
673 2356 829 2409 quem
860 2356 966 2389 non
993 2338 1186 2408 puduit
1220 2340 1458 2413 locuple-

440 2417 631 2469 tiorem
650 2435 760 2469 esse
779 2417 1071 2487 Pompeio?
1096 2418 1359 2473 Numerus
1382 2420 1459 2473 illi

440 2494 677 2567 quotidie
706 2514 1002 2561 servorum,
1050 2499 1197 2551 velut
1232 2500 1460 2570 impera-

442 2574 545 2626 tori
591 2573 845 2626 exercitus
886 2576 1247 2641 referebatur,
1293 2592 1394 2633 etc.
1428 2604 1449 2625 ι

440 2650 584 2705 Vide
609 2666 663 2705 et
707 2654 1051 2707 Plutarchum
1080 2657 1135 2708 in
1167 2658 1457 2728 Pompeio,

441 2751 494 2802 p.
520 2736 648 2794 604.
666 2730 786 2785 Fuit
802 2734 889 2786 hic
909 2733 1223 2789 Gadarensis
1238 2757 1268 2789 e
1290 2736 1460 2808 Syria,

442 2824 498 2863 ut
519 2810 733 2883 quidem
761 2811 916 2868 docet
941 2814 1221 2885 Josephus.
1243 2816 1428 2868 Hiar».

528 2897 616 2954 14.
642 2890 993 2961 Hipparchum.
1016 2884 1291 2965 Ῐππαρχον,
1313 2892 1457 2966 apud

444 2968 710 3023 Plutarch.
742 2970 796 3023 in
831 2974 1034 3025 Anton.
1065 2992 1117 3043 p.
1151 2972 1277 3042 950·
1310 2974 1377 3025 H.

527 3048 617 3101 15.
645 3050 855 3103 Menam.
881 3052 963 3104 De
986 3052 1143 3105 Mena
1164 3070 1255 3105 seu
1276 3052 1461 3105 Meno-

442 3122 606 3191 doro,
638 3127 778 3180 Sexti
806 3129 1048 3201 Pompeii
1071 3132 1293 3192 liberto,
1328 3130 1461 3184 clas-

442 3204 617 3275 sisque
642 3208 889 3276 praesecto
906 3249 921 3273 ‚
950 3229 1008 3261 ac
1038 3223 1217 3281 postea
1242 3208 1310 3264 ad
1339 3210 1457 3262 Cae-

440 3300 607 3335 sarem
656 3287 921 3357 transfuga
948 3327 964 3352 ,
1016 3288 1140 3341 vide
1191 3290 1415 3343 Dionem
1438 3328 1455 3355 ,

441 3362 537 3416 lib.
566 3362 816 3428 XLVIII,
836 3384 888 3433 p.
920 3364 1053 3435 375,
1086 3380 1139 3419 et
1166 3368 1459 3421 Sueton.in

443 3441 583 3513 Aug.
600 3460 777 3494 mxxiv.
802 3444 883 3495 De
910 3444 1207 3498 Menecrate
1224 3446 1458 3516 ejusdem

445 3518 591 3573 Sexti
616 3522 808 3575 liberto
824 3561 839 3586 ,
870 3520 1008 3573 idem
1032 3524 1300 3595 Dio‚pag.
1328 3524 1459 3579 385.

446 3600 526 3653 De
558 3614 788 3673 utroque
816 3602 1121 3673 Appianus,
1148 3602 1274 3655 Bell.
1301 3604 1459 3657 civil.

1541 2027 1635 2079 lib.
1655 2026 1725 2092 V,
1747 2044 1868 2096 pag.
1905 2042 1934 2094 7
1949 2042 1968 2077 ι
1984 2025 2035 2077 8.
2061 2022 2251 2075 Sextus
2271 2022 2560 2090 Pompeius

1541 2106 1720 2176 Magni
1750 2104 1891 2155 filius
1918 2102 2018 2155 fuit
2043 2120 2056 2153 :
2085 2102 2127 2153 is
2154 2119 2312 2170 quem
2362 2100 2562 2171 Appia-

1539 2204 1640 2239 nns
1661 2197 1714 2236 et
1741 2184 1844 2234 Dio
1871 2181 2002 2234 adeo
2027 2180 2294 2233 insaniisse
2319 2181 2557 2244 tinxere,

1543 2278 1602 2318 ut
1628 2283 1680 2317 se
1705 2262 1942 2333 Neptuni
1967 2260 2135 2313 filium
2171 2258 2397 2311 diceret:
2428 2276 2562 2329 quo-

1541 2344 1685 2395 niam
1734 2343 1788 2393 in
1833 2340 1998 2412 ipsius
2041 2338 2272 2392 nummis
2303 2330 2562 2408 scriptum

1543 2421 1794 2475 viderunt
1819 2436 2085 2472 nnn-mu.
2111 2420 2182 2469 At
2208 2430 2283 2469 est
2304 2416 2434 2470 illud
2461 2434 2563 2487 pro

1543 2502 1833 2572 Neptunius,
1853 2500 1956 2551 hoc
1978 2510 2084 2559 est,
2109 2497 2267 2549 maris
2292 2496 2557 2548 dominus:

1543 2594 1598 2632 et
1625 2592 1706 2633 est
1731 2580 1820 2631 ille
1841 2594 2093 2631 nummus
2118 2576 2294 2639 Sexti,
2323 2592 2426 2627 non
2448 2574 2561 2625 Ma·

1545 2660 1635 2729 gni
1681 2659 1845 2729 patris
1861 2696 1877 2722 ,
1925 2669 1986 2708 ut
2032 2654 2382 2725 incogitanter
2427 2652 2560 2704 olim

1544 2737 1828 2790 edidimus.
1855 2734 2034 2788 llum.

1633 2835 1653 2869 ῐ
1669 2821 1717 2867 6.
1741 2816 1809 2869 Ut
1821 2818 2054 2885 prator-ia
2069 2832 2248 2886 quoque
2265 2822 2558 2863 ornamenta.

1545 2894 1831 2947 Pallantem
1850 2892 2060 2946 Claudii
2080 2892 2296 2945 Caesaris
2311 2891 2559 2942 libertum

1544 2975 1611 3027 ab
1643 2974 1757 3044 ipso
1807 2992 1946 3025 curae
1992 2990 2172 3023 rerum
2221 2968 2524 3041 impositum
2542 3007 2560 3031 ,

1542 3054 1909 3124 arbitrumque
1931 3050 2083 3121 regni
2107 3051 2322 3111 factum,
2347 3047 2560 3100 Tacitus

1543 3132 1616 3184 ait
1647 3130 1844 3183 Annal.
1866 3130 2031 3194 xm,
2061 3146 2116 3198 p.
2155 3148 2279 3181 200.
2307 3126 2556 3197 Agrippi·

1544 3228 1624 3263 nae
1651 3206 1858 3262 Claudii
1885 3208 2040 3261 uxori
2067 3220 2250 3277 stupro
2277 3207 2560 3277 illigatum,

1544 3288 1720 3353 idem,
1745 3288 1844 3340 lib.
1877 3287 2016 3349 xn,
2047 3306 2102 3357 p.
2143 3304 2267 3355 179.
2301 3286 2478 3337 Htan.

1623 3368 1766 3421 LIX.
1807 3386 1830 3419 1
1844 3406 1857 3418 .
1901 3366 1978 3417 De
2006 3366 2175 3437 quibus
2191 3368 2297 3433 jam
2336 3364 2558 3415 diximus.

1549 3450 1629 3501 De
1658 3461 1796 3501 terra
1843 3446 2070 3507 Galam,
2100 3444 2453 3513 Clupeaeque,
2483 3440 2565 3492 di-

1550 3539 1694 3579 ctum
1737 3527 1976 3597 superius
2015 3523 2111 3575 lib.
2135 3523 2208 3587 V,
2240 3541 2356 3592 cap.
2398 3539 2450 3591 7.
2483 3520 2561 3571 De

1549 3606 1752 3658 Baleari
1779 3618 1830 3658 et
1855 3603 2166 3667 Ebusitana,
2189 3602 2272 3655 111
2289 3641 2304 3666 ,
2335 3616 2356 3651 1
2374 3620 2394 3654 1
2410 3637 2424 3652 .
2451 3598 2518 3651 Η.

1224 3804 1693 3832 ..-ψ
1710 3816 1790 3825 ...-
