2975 4684
501 290 638 381 584
1033 298 1107 363 C.
1159 292 1493 362 PLINII
1542 294 1751 363 NAT.
1804 291 2063 360 HIST.

495 443 764 523 queunt.
803 426 972 495 Mire
1005 425 1091 494 ad
1125 424 1609 495 similitudinem
1646 448 1979 495 accessere
2021 422 2271 508 vitrea,
2304 421 2415 491 sed
2442 448 2673 517 pro-

497 532 649 628 digii
693 532 926 615 m0d0‚
967 546 1038 598 ut
1086 556 1274 600 suum
1313 532 1595 631 pretium
1632 532 1934 600 auxerint
1964 526 2293 622 crystalli,
2326 553 2460 595 non
2500 528 2663 597 di-

497 639 871 707 minuerint.

600 744 719 809 XI.
781 742 1158 809 Proximum
1207 740 1424 811 locum
1470 744 1538 811 in
1591 740 1872 827 deliciis,
1939 738 2333 808 feminarum
2385 750 2651 809 tamen

496 846 714 915 adhuc
769 845 1089 929 tantum¹‚
1150 845 1454 917 succina²
1505 848 1847 917 obtinent:
1901 844 2333 939 eamdemque
2384 846 2645 913 omnia

495 951 674 1035 haec,
713 976 909 1045 quam
949 976 1252 1045 gemme,
1289 956 1793 1023 auctoritatem:
1835 973 1989 1020 sane
2032 949 2347 1042 majorem
2378 948 2639 1047 aliqui-

495 1056 620 1123 bus
657 1056 740 1125 de
783 1060 998 1127 causis
1031 1056 1400 1152 crystallina
1442 1073 1511 1127 et
1550 1058 1925 1143 murrhina,
1966 1054 2154 1150 rigidi
2196 1068 2392 1150 potus
2434 1070 2638 1125 utra-

493 1147 674 1255 que³.
717 1167 792 1229 In
828 1166 1106 1235 succinis
1141 1176 1404 1233 causam
1446 1189 1531 1233 ne
1566 1162 1811 1233 deliciae
1846 1161 2111 1256 quidem
2146 1160 2366 1229 adhuc
2401 1184 2629 1229 exco-

495 1268 884 1362 gitaverunt.
953 1271 1232 1338 Occasio
1306 1283 1405 1338 est
1465 1271 1717 1337 vanitas
1784 1270 2169 1337 Graecorum
2234 1264 2621 1403 diligentiae.

493 1376 820 1468 Legentes
865 1374 1062 1442 modo
1101 1398 1284 1467 aeque
1325 1376 1777 1469 perpetiantur
1816 1396 1920 1440 me
1960 1372 2043 1441 de
2094 1359 2287 1439 ortu⁴
2332 1395 2561 1439 eorum
2594 1426 2621 1457 ‚

497 1502 700 1572 quum
737 1480 866 1547 hoc
886 1503 1147 1574 quoque
1173 1482 1423 1549 intersit
1449 1481 1620 1565 vitae,
1644 1480 1809 1550 scire
1836 1491 2136 1572 posteros
2168 1476 2485 1605 quidquid
2518 1476 2621 1545 illi

495 1585 844 1676 plodidere
891 1585 1283 1654 mirandum.
1344 1585 1767 1654 Phaethontis
1816 1582 2088 1652 fulmine
2133 1568 2285 1650 icti⁵
2350 1606 2619 1651 sorores

491 1689 650 1758 fletu
689 1705 970 1759 mutatas
1007 1692 1075 1758 in
1117 1690 1382 1759 arbores
1419 1690 1733 1785 populos,
1772 1688 2071 1783 lacrymis
2108 1686 2421 1755 electrum
2464 1714 2611 1755 om-

493 1796 686 1864 nibus
739 1781 973 1864 annis⁶
1035 1795 1310 1865 fundere
1363 1795 1553 1888 juxta
1612 1794 1975 1865 Eridanum
2030 1792 2337 1861 amnem⁷
2343 1846 2362 1882 ‚
2410 1817 2610 1887 quem

1589 2020 1655 2073 lis
1679 1972 1915 2083 adhibet,
1934 2016 2181 2072 laudatus
2199 2037 2229 2071 a
2251 2018 2403 2070 nobis
2422 2017 2607 2086 paullo

1590 2111 1741 2153 antea
1759 2137 1775 2162 ,
1808 2118 1923 2170 cap.
1952 2100 2003 2151 8.
2030 2098 2213 2151 Halm.

1672 2185 1724 2242 4.
1755 2178 1833 2229 De
1862 2188 1973 2229 orm
2000 2176 2313 2229 eorum.Vet.
2336 2172 2473 2245 apud
2488 2176 2605 2228 Du·

576 2019 672 2071 XI.
719 2038 740 2071 1
753 2058 766 2071 .
816 2019 1121 2070 Feminarum
1161 2030 1316 2071 tamen
1347 2020 1503 2071 adhuc

496 2107 696 2147 tantum.
723 2096 860 2149 Hinc
879 2095 1132 2161 Ovidius,
1162 2098 1374 2149 Metam.
1405 2097 1497 2149 lib.

493 2174 581 2234 11,
601 2192 735 2227 vers.
762 2174 864 2237 364
894 2195 906 2225 :
940 2198 961 2218 ι
986 2174 1122 2227 Inde
1145 2174 1503 2247 fluuntlacry·

493 2271 620 2317 ωε,
647 2252 940 2323 stillataque
977 2253 1088 2305 sole
1121 2252 1390 2323 rigescunt
1419 2254 1503 2307 De

492 2332 651 2386 ramis
691 2334 879 2385 electra
912 2332 1106 2385 novis.
1095 2352 1107 2365 ·
1139 2349 1256 2403 qun
1297 2330 1504 2386 lucidus

493 2413 662 2479 amnis
712 2411 949 2482 Excipit,
999 2424 1052 2464 et
1087 2412 1307 2465 nuribus
1338 2412 1503 2466 mittit

492 2488 738 2560 gestanda
759 2490 1020 2543 Latinis.»
1041 2490 1224 2545 Halm.

581 2587 630 2621 a.
674 2567 896 2622 Sacc-ma.
951 2570 1218 2634 Ruellius,
1263 2568 1330 2622 dc
1379 2570 1501 2625 Nat.

491 2646 640 2716 stirp.
669 2646 760 2699 lib.
796 2649 852 2711 Ι,
897 2666 1012 2720 cap.
1061 2650 1160 2719 39,
1197 2667 1315 2719 pag.
1350 2650 1497 2702 115:

495 2750 520 2773 ι
555 2726 838 2779 Succinum
863 2740 1056 2781 nostra
1083 2728 1335 2792 officinm,
1357 2746 1501 2781 rura-

488 2821 594 2875 que
609 2844 624 2870 ,
639 2820 692 2857 et
705 2806 892 2877 vulgus
911 2805 1234 2860 medicorum
1251 2806 1497 2859 ambram

487 2896 680 2938 vocant
706 2886 951 2939 cin-inam
983 2905 994 2938 :
1029 2886 1310 2939 Mauritani
1335 2885 1499 2936 Kara-

489 2962 562 3015 be.
583 2964 804 3017 Gestant
821 2978 1008 3017 nostroe
1028 2964 1274 3017 mulieres
1291 2962 1498 3016 decoris

492 3058 678 3104 causa,
705 3042 944 3112 quaedam
969 3043 1249 3096 monilium
1311 3043 1425 3095 vice
1479 3060 1494 3095 :

486 3120 600 3171 alio
625 3120 891 3172 orbiculos
913 3140 974 3173 ex
1007 3140 1070 3174 eo
1096 3122 1359 3185 efficiunt,
1382 3122 1497 3193 qui-

485 3199 584 3251 bus
613 3216 732 3251 suas
771 3216 952 3267 prece·
990 3212 1288 3254 numerant.
1317 3227 1338 3248 a
1380 3202 1497 3253 Alia

485 3278 796 3339 momnino
815 3290 916 3341 est,
936 3296 1092 3347 quam
1117 3280 1367 3331 Ambram
1390 3280 1497 3349 gri·

484 3374 624 3410 seam
657 3356 900 3409 vocitant.
935 3357 1004 3408 H.
1021 3390 1099 3401 —
1119 3358 1338 3411 διαπίνω.
1363 3357 1493 3411 Suc-

483 3436 661 3489 cinum
675 3476 691 3499 ‚
724 3437 768 3487 le
793 3438 968 3499 suc-cin,
991 3436 1190 3489 l'ambre
1207 3439 1357 3505 jaune
1371 3475 1385 3500 ‚
1413 3436 1494 3489 bi-

485 3506 701 3569 tuminis
752 3534 916 3587 genus
956 3528 1029 3568 est
1056 3532 1070 3567 ε
1122 3516 1294 3568 Succin
1344 3535 1493 3567 mam·

487 3595 702 3647 melana?
716 3634 732 3661 ,
820 3594 1051 3647 celluleux
1084 3635 1099 3657 ,
1187 3595 1449 3661 insectrfire
1472 3636 1491 3658 ,

483 3686 585 3727 etc.
613 3674 716 3728 En.

566 3754 618 3805 3.
649 3754 818 3822 Rigida·
835 3767 975 3823 potus
1005 3766 1218 3825 utraque.
1245 3752 1331 3807 Sic
1363 3753 1488 3806 libri

485 3846 702 3883 omnes·
735 3833 834 3885 hoc
861 3846 964 3895 est,
1000 3832 1194 3905 frigidi.
1218 3832 1417 3885 Tamen
1439 3845 1491 3885 et

483 3903 550 3955 ad
579 3908 772 3963 calidos
801 3926 958 3981 potus
979 3913 1250 3966 murrhina
1273 3911 1489 3965 Martia-

1588 2254 1685 2308 lec.
1708 2258 1768 2307 de
1787 2268 1896 2308 ortu
1918 2274 2079 2307 eorum
2101 2256 2275 2307 ὀίων-ε.
2296 2255 2403 2307 En.

1670 2336 1722 2389 5.
1754 2336 2067 2387 Phaethontis
2096 2336 2304 2399 suhnt'ne
2344 2336 2458 2393 icti,
2502 2346 2604 2387 ete.

1587 2414 1850 2467 Nasonem
1900 2411 2057 2475 vide,
2117 2415 2219 2466 loc.
2263 2413 2353 2465 cit.
2394 2413 2463 2464 Η.

1666 2500 1717 2547 6.
1742 2494 1989 2563 lacrymis
2012 2492 2234 2545 electrum
2269 2492 2477 2544 omnibus
2502 2510 2600 2542 aa·

1587 2575 1675 2623 m's.
1723 2569 1856 2623 Inde
1906 2572 2215 2642 lacrymosum
2258 2570 2483 2642 Virgilio
2539 2570 2597 2623 in

1586 2650 1699 2703 Ciri
1718 2690 1733 2714 ,
1788 2672 1809 2693 α
1838 2650 1959 2703 Non
1985 2669 2071 2702 me
2095 2651 2301 2704 deliciis
2316 2651 2602 2703 commovit

1586 2730 1725 2800 regia
1742 2728 1889 2781 dives
1906 2730 2118 2782 Coralio
2145 2728 2315 2801 fragili
2334 2748 2395 2783 ac
2410 2730 2605 2783 electro

1585 2807 1897 2878 lacrymoso·
1930 2832 1953 2853 ι
2004 2808 2249 2879 Orpheus
2293 2826 2505 2879 quoque
2544 2809 2601 2861 in

1584 2885 1957 2956 Argonauticis
1999 2890 2204 2958 αἴγειρον
2240 2890 2599 2953 wulfuinum,

1583 2966 1849 3037 populum
1878 2967 2223 3037 lacrymosam
2246 2981 2423 3031 vocat,
2456 2966 2598 3039 quod

1583 3044 1882 3107 succinum,
1924 3046 2109 3117 populi
2152 3064 2262 3100 esse
2314 3047 2597 3119 lacrymam

1582 3124 1941 3177 arbitraretur.
1966 3126 2104 3178 Du..

1665 3216 1719 3267 7.
1747 3204 1901 3255 leuca
1940 3204 2211 3257 Eridanum
2242 3224 2441 3257 amnem.
2478 3206 2589 3257 Eri-

1582 3278 1777 3339 danus.
1812 3282 1857 3333 lc
1890 3282 2149 3347 Rodum,
2190 3283 2358 3335 amnis
2398 3295 2475 3336 est
2506 3284 2593 3354 qui

1580 3360 1639 3411 in
1678 3361 1877 3413 laevum
1906 3362 2135 3414 Vistula
2174 3362 2367 3415 ostium
2394 3360 2588 3423 influit,

1582 3451 1634 3492 et
1656 3440 1837 3492 unbem
1858 3440 2101 3493 Dantza'ck
2114 3441 2281 3495 alluit.
2306 3442 2387 3493 Ibi
2412 3458 2591 3511 magna

1582 3518 1784 3570 succini
1811 3520 1957 3590 copia
2030 3524 2089 3573 At
2119 3540 2287 3591 quum
2312 3519 2593 3573 Germano-

1582 3616 1699 3649 rum
1726 3597 2014 3663 Eridanus,
2050 3598 2402 3652 Rhodanusve
2422 3612 2477 3651 et
2502 3600 2593 3650 Pa·

1548 3716 1557 3727 .
1580 3673 1681 3729 dus
1697 3678 1988 3747 appellatus
1999 3696 2211 3749 quoqne
2232 3679 2301 3730 ab
2322 3678 2471 3729 Italis
2486 3676 2593 3729 Eri·

1580 3753 1750 3808 danus
1779 3756 2175 3809 similitudinem
2203 3757 2485 3808 nominum
2508 3756 2591 3807 ha·

1578 3835 1763 3898 beant,
1793 3834 1917 3889 inde
1946 3848 2077 3888 nate
2100 3846 2179 3893 tot
2206 3834 2396 3887 fabulo
2412 3834 2591 3912 depa-

1580 3912 1677 3966 tria
1698 3926 1750 3964 et
1768 3914 1975 3984 origine
1996 3914 2206 3967 succini.
2225 3912 2400 3965 Bam:-
