2975 4684
392 737 399 742 ·
487 707 715 772 vicisse
772 687 1084 769 Homeri⁵

376 1035 445 1124 ³2⁴

482 357 626 432 350
774 427 783 439 ,
1022 361 1102 440 Ο.
1158 360 1498 430 PLINII
1549 359 1766 429 NAT.
1817 359 2069 428 HIST.

478 494 787 581 omnibus
812 491 954 582 ejus
983 489 1296 584 operibus
1325 490 1632 561 eumdem
1659 515 1882 585 regem
1913 491 2252 561 sedentem
2285 495 2360 561 in‘
2389 517 2599 588 equo:

1088 689 1113 732 4

394 669 407 682 ,
481 604 761 672 Dianam
798 594 1305 664 sacrificantium
1335 581 1729 691 virginum⁵³
1771 596 1982 667 choro
2017 601 2332 668 mixtam:
2364 600 2603 692 quibus

1168 725 1397 796 versus
1465 701 1728 771 videtur
1793 703 2082 797 idipsum
2151 704 2598 777 describentis.

485 807 696 878 Pinxit
720 819 789 874 et
819 831 967 900 quae
991 808 1171 901 pingi
1194 832 1327 875 non
1363 820 1675 900 possunt,
1727 800 2020 878 tonitrua
2043 863 2062 894 ‚
2090 809 2504 940 fulssgetraque
2517 797 2601 880 ⁵⁵:

480 917 791 982 Brontem
813 964 832 999 ,
860 917 1183 1007 Astrapen
1203 965 1221 998 ,
1248 911 1780 983 Ceraunobolian
1803 901 2174 1010 appellant⁵
2205 969 2222 983 .

584 1021 867 1087 Inventa
897 1019 1037 1112 ejus
1068 1032 1135 1086 et
1164 1019 1414 1088 caeteris
1456 1018 1770 1113 profuere
1809 1022 1878 1088 in
1903 1036 2062 1090 arte.
2102 1023 2334 1091 Unuin
2365 1022 2608 1092 imitari

476 1148 673 1194 nemo
724 1125 972 1217 potuit,
1023 1121 1203 1217 quod
1245 1123 1552 1194 absoluta
1591 1149 1796 1220 opera
1832 1139 2204 1196 atramento
2217 1113 2266 1167 ⁵⁷
2302 1127 2602 1198 illinebat

477 1232 571 1300 ita
606 1215 821 1315 tenui,
860 1243 935 1296 ut
974 1229 1259 1322 idipsum
1306 1233 1701 1325 repercussu
1737 1231 2066 1304 claritates
2102 1231 2402 1302 colorum
2433 1237 2622 1304 exci-.

478 1351 689 1423 taret,
732 1333 1221 1428 custodiretque
1262 1359 1303 1404 a
1360 1336 1637 1431 pulvere
1693 1353 1760 1407 et
1801 1339 2106 1409 sordibus
2128 1390 2147 1423 ‚
2195 1338 2280 1408 ad
2334 1363 2606 1410 manum

478 1443 755 1512 intuenti
788 1439 1057 1510 demum
1094 1457 1473 1536 appareret.
1511 1443 1642 1513 Sed
1675 1459 1743 1520 et
1784 1469 1935 1529 cum
1970 1446 2224 1515 ratione
2243 1431 2294 1470 ⁵⁸
2329 1469 2609 1542 magna:

479 1573 563 1616 ne
588 1545 885 1617 colorum
918 1545 1179 1616 claritas
1206 1549 1554 1619 oculorum
1589 1554 1796 1620 aciem
1823 1550 2225 1639 offenderet,
2251 1551 2457 1621 veluti
2493 1577 2630 1647 per.

478 1652 761 1747 lapidem
794 1652 1205 1746 specularem
1231 1655 1638 1724 intuentibus
1664 1680 1702 1725 e
1729 1655 2128 1752 longinquo:
2161 1673 2227 1728 et
2249 1657 2480 1728 eadem
2509 1683 2613 1729 res

434 1835 441 1842 ,
478 1759 669 1828 nimis
705 1757 955 1828 floridis
989 1757 1323 1830 coloribus
1356 1762 1806 1832 austeritatem
1841 1763 2101 1834 occulte
2136 1763 2342 1835 daret.

377 1883 443 1936 35

584 1849 931 1958 AEqualis⁵⁹
958 1866 1100 1959 ejus
1139 1865 1269 1934 fuit
1308 1866 1620 1936 Aristides
1646 1867 2020 1937 Thebanus.
2065 1873 2130 1938 Is
2159 1871 2454 1938 omnium
2491 1872 2613 1964 pri-

480 1995 631 2040 mus
674 1972 965 2039 animum
1018 1957 1319 2065 pinxit⁶⁰,
1358 1986 1427 2040 et
1465 1995 1694 2041 sensus
1728 1973 2019 2042 hominis
2059 1976 2412 2067 expressit,
2467 1975 2614 2067 quae

482 2091 727 2146 vocant
764 2077 980 2147 Graeci
1025 2061 1239 2144 ethe⁶¹
1272 2099 1287 2140 :
1331 2078 1487 2146 item
1525 2078 2103 2172 perturbationes:
2148 2078 2376 2147 durior
2419 2078 2616 2173 paulo

563 2247 656 2302 53.
694 2247 910 2298 Dianam
948 2241 1317 2313 sacrificantium
1346 2247 1508 2316 virgi·

482 2347 614 2382 num.
636 2325 887 2396 Virgines
913 2323 1017 2376 111ae
1041 2323 1105 2375 ab
1134 2323 1369 2376 Homero
1396 2342 1509 2376 non

484 2407 737 2462 dicuntur
765 2403 1141 2466 sacrificante8‚
1183 2399 1276 2455 sed
1314 2401 1509 2457 luden-

482 2501 588 2549 tes,
636 2483 930 2547 παίζουσαι;
974 2481 1067 2534 sed
1108 2481 1411 2536 venationes
1448 2501 1510 2538 ac

481 2564 664 2628 ludos,
707 2559 964 2615 sacrificia
1006 2561 1188 2614 Dianas
1220 2576 1366 2633 grata
1396 2579 1510 2616 esse

478 2647 617 2700 bene
639 2654 850 2696 notum.
872 2641 976 2694 En.

564 2724 655 2787 54:
688 2723 907 2775 Homeri.
938 2717 1130 2788 Odyss.
1168 2727 1235 2783 z,
1263 2740 1315 2773 v.
1348 2739 1451 2776 102
1488 2739 1503 2774 τ

480 2805 572 2860 Οἴη
616 2798 669 2855 δ’
708 2791 921 2874 Ᾰρτιμις
950 2796 1078 2865 ιῖσι,
1121 2815 1223 2854 etc.
1247 2799 1509 2873 Virgilius

481 2885 607 2938 item
634 2886 755 2935 AEn.
788 2883 835 2935 1.
862 2878 1041 2950 Ηηιι).

564 2963 658 3017 55.
710 2960 1055 3032 Fulgetraque.
1095 2959 1263 3014 Gron.
1312 2973 1366 3012 et
1424 2961 1508 3014 Al.

482 3054 603 3096 ante
632 3040 802 3096 nard.
819 3041 1135 3111 fulguraque.
1164 3039 1269 3090 En.

566 3123 655 3174 56.
688 3122 931 3185 Bronten,
954 3121 1204 3190 Asu-apen
1221 3158 1237 3182 ,
1268 3117 1513 3172 Cerauno-

479 3189 625 3252 'holon
652 3201 914 3270 appellant.
939 3199 1066 3251 Haec
1090 3200 1247 3252 verba
1279 3197 1512 3254 Graeculi

482 3281 703 3350 alicujus
742 3280 917 3350 potius
954 3297 1115 3350 quam
1158 3277 1315 3331 Plinii
1357 3292 1510 3350 puto.

483 3361 723 3413 Pin-r.—
735 3359 981 3411 Bronten».
1004 3357 1233 3428 Βροντῆν,
1250 3350 1511 3428 Ᾰςραπὴν,

488 3435 897 3511 Κιραυνοςολὶαν.
926 3437 1013 3490 Sic
1043 3437 1172 3507 Reg.
1210 3457 1260 3490 2.
1286 3437 1469 3490 nino.

570 3519 662 3590 57.
693 3519 980 3574 Act-amento
1004 3515 1239 3569 illinebat.
1265 3515 1405 3568 Galli
1434 3514 1516 3568 di·

488 3599 619 3654 cunt
635 3639 651 3664 ,
670 3599 856 3661 ver-nir,
884 3598 1135 3668 appisquer
1162 3595 1207 3646 le
1232 3599 1410 3647 vernis.
1441 3593 1511 3649 Η.

574 3679 665 3733 58.
720 3679 840 3732 Cum
882 3679 1081 3728 ratione.
1128 3673 1230 3728 Sed
1279 3685 1330 3727 et
1370 3671 1515 3732 istud

490 3777 612 3812 cum
644 3757 849 3812 ratione
876 3774 936 3809 ac
958 3753 1121 3808 modo
1148 3753 1325 3808 flebat.
1349 3755 1417 3806 H.

576 3839 661 3906 59.
690 3838 939 3909 AEqualis.
962 3835 1160 3908 Apellis
1179 3833 1390 3886 scilicet.
1406 3833 1516 3886 Me-

493 3918 649 3972 minit
682 3915 924 3970 Aristiden
955 3913 1195 3968 Thebani
1221 3911 1480 3966 Polemon
1499 3952 1514 3978 ,

494 3995 631 4048 libro
665 3995 733 4048 de
765 3994 957 4048 tabulis
989 4011 1107 4065 quoe
1140 3992 1369 4063 Sicyone
1397 3994 1513 4048 fue·

1595 2258 1750 2310 runt,
1781 2245 1924 2317 apud
1946 2246 2258 2300 Athenoeum
2275 2283 2292 2311 ,
2321 2245 2418 2302 lib.
2447 2249 2618 2314 xm,

1596 2344 1652 2397 p.
1681 2323 1811 2396 567.
1834 2327 2016 2380 Ham).

1678 2407 1768 2458 60.
1820 2406 1872 2457 Is
1919 2410 2125 2457 omnium
2174 2408 2358 2476 primus
2409 2410 2620 2460 animum

1589 2487 1770 2554 pinxit.
1796 2481 1931 2540 Arte
1959 2498 2012 2537 et
2039 2484 2334 2540 industria:
2369 2486 2458 2540 alii
2476 2487 2622 2557 prio-

1596 2581 1678 2616 res
1706 2581 1828 2618 casu
1859 2558 2064 2618 tantum
2087 2577 2139 2618 et
2169 2566 2357 2618 rarius.
2383 2565 2566 2618 Hmn.

1678 2646 1711 2695 6
1725 2661 1747 2696 1
1761 2683 1772 2695 .
1802 2645 1927 2716 Qua
1957 2643 2124 2697 Groeci
2150 2658 2322 2696 vocant
2347 2645 2468 2696 etloe.
2496 2631 2618 2710 flou,

1597 2739 1790 2778 mores.
1833 2723 2046 2795 Spectat
2093 2725 2200 2776 huc
2237 2725 2532 2777 aculeatum
2564 2724 2622 2778 in

1596 2802 1781 2872 primis
1793 2802 1999 2856 Pisonis
2014 2803 2359 2874 epigramma,
2369 2803 2512 2857 Anth
2521 2845 2532 2856 .
2545 2805 2622 2868 11,

1595 2900 1641 2935 c.
1690 2882 1781 2944 43,
1813 2881 1868 2936 in
1903 2883 2176 2936 hominem
2200 2885 2408 2956 egregie
2444 2882 2622 2937 defor-

1597 2978 1734 3013 mem
1771 2983 1784 3013 :
1829 2964 1998 3031 Ψυχὴν
2033 2963 2120 3034 μὲν
2150 2963 2334 3036 γράψαι
2374 2965 2621 3032 χαλεπὸν,

1597 3043 1778 3112 μορφὴν
1820 3037 1880 3094 δὲ
1913 3043 2124 3112 χαράξαι
2161 3033 2366 3114 ῥᾴδιον·
2401 3045 2506 3096 ἀλλ’
2541 3043 2621 3095 laet

1599 3140 1674 3172 σοι
1706 3122 1976 3191 τοῦμπαλιν
2003 3123 2272 3193 ἀμφότερα.
2303 3126 2400 3182 Τῆς
2422 3125 2510 3192 μὶν
2527 3122 2622 3192 γὰρ

1583 3199 1749 3269 ιψυχῆς
1790 3203 1846 3253 τὸ
1884 3195 2144 3272 dunig-popm
2187 3203 2275 3266 ἱξω
2323 3202 2513 3270 ἄγουσα
2557 3189 2620 3254 Ἑν

1599 3281 1706 3351 τοῖς,
1742 3281 2041 3352 φαινομένοις
2079 3283 2110 3336 ἡ
2158 3282 2293 3349 φύσις
2335 3279 2620 3348 εἰργάσατο.

1599 3359 1691 3411 Τὸν
1717 3353 1770 3410 δ’
1806 3360 1886 3413 ἰπὶ
1915 3365 2003 3420 τῆς
2043 3365 2227 3429 μορφῆς
2266 3355 2459 3428 Θόρυὸον
2477 3396 2496 3422 ,
2539 3357 2625 3412 καὶ

1600 3437 1846 3508 σώματος·
1875 3436 2040 3508 impu»,
2069 3441 2184 3497 Πῶς
2228 3438 2284 3489 ἄν
2311 3456 2385 3496 τις
2427 3438 2590 3508 γράφῃ
2608 3476 2625 3503 ,

1601 3512 1724 3588 μηδ’
1741 3513 1920 3570 δσιδιῖν
1944 3518 2145 3580 (eamn
2173 3513 2388 3568 «Ardua
2410 3534 2494 3568 res
2513 3517 2626 3568 ani·

1603 3615 1785 3662 mum,
1817 3595 1984 3650 facilis
2022 3593 2310 3666 depingere
2345 3593 2572 3648 formam
2601 3617 2614 3649 ι

1601 3677 1665 3728 In
1703 3689 1754 3730 te
1797 3675 1892 3728 sed
1937 3694 1992 3728 se
2033 3691 2144 3728 rem
2188 3685 2394 3727 constat
2430 3673 2628 3728 habere

1601 3773 1767 3810 secus.
1815 3755 1950 3806 Nam
2000 3771 2188 3824 pravus
2237 3752 2401 3808 animi
2451 3772 2629 3808 mores

1601 3848 1788 3887 natura
1816 3834 1974 3888 latere
1993 3871 2008 3898 ,
2043 3833 2326 3904 Exponens
2351 3832 2519 3887 oculis
2538 3833 2632 3886 oh·

1601 3915 1685 3968 via
1715 3913 1862 3984 signa
1881 3952 1898 3976 ,
1936 3925 2097 3966 vetat.
2132 3910 2240 3966 Sed
2271 3909 2469 3965 foedum
2511 3930 2630 3966 cor-

1600 4004 1702 4064 pus
1715 4030 1734 4057 ,
1765 3991 1982 4047 confusa
2015 3987 2110 4045 sed
2131 4011 2226 4046 ora
2246 3990 2426 4047 videre
2447 3992 2631 4059 Quum
