2975 4684
1075 340 1386 410 LIBER
1436 343 1813 412 XXXIII.

2404 365 2493 437 97

383 497 522 542 rem
563 471 810 542 habere
845 499 860 540 ε
905 471 1082 542 hanc
1125 477 1284 560 teri,
1343 473 1497 544 dein
1549 473 1753 544 lavari
1806 474 2085 543 farinam
2100 459 2152 560 ⁶,
2202 488 2273 543 et
2319 476 2498 568 quod

386 577 676 648 subsidat
696 631 716 661 ,
746 579 984 647 iterum
1013 577 1238 648 lavari.
1261 579 1723 650 Differentiam
1746 581 1768 620 ⁷
1798 581 1953 649 artis
1983 603 2123 648 esse
2142 631 2162 664 ,
2185 579 2363 673 quod
2394 579 2501 649 alii

387 686 660 754 minium
703 682 954 753 faciunt
988 686 1200 779 prima
1229 684 1488 756 lotura:
1524 687 1699 780 apud
1737 686 1897 756 alios
1924 684 1989 753 id
2026 709 2166 754 esse
2198 683 2502 773 dilutius»,

387 792 712 884 sequentis
747 804 965 860 autem
997 789 1227 860 loturae
1257 795 1604 886 optimum.

491 898 882 964 XXXVIII.
927 899 1403 967 Auctoritatem
1447 896 1654 968 colori
1696 899 1891 968 fuisse
1927 922 2062 968 non
2092 899 2316 966 miror.
2353 900 2501 966 Jam
2544 927 2566 961 1

387 1003 562 1071 enim
591 1001 890 1096 Trojanis
912 1003 1320 1098 temporibus
1343 1004 1609 1074 rubrica
1635 1006 1705 1072 in
1727 1003 1981 1074 honore
2008 1017 2149 1072 erat
2167 1055 2185 1089 ,
2208 1007 2505 1073 Homero

391 1107 617 1194 teste¹,
656 1109 766 1203 qui
801 1132 1002 1178 naves
1030 1133 1106 1177 ea
1136 1109 1591 1196 commendat,
1627 1108 1785 1180 alias
1838 1112 2013 1178 circa
2062 1111 2355 1202 picturas
2407 1112 2506 1204 pi·

393 1229 788 1344 grnentaque
831 1239 1040 1284 rarus.
1091 1214 1366 1284 Milton²
1425 1230 1669 1286 vocant
1726 1217 2003 1286 Graeci.
2042 1216 2319 1284 minium
2342 1218 2507 1345 ⁵qui·

397 1305 614 1406 dam³,
640 1319 996 1390 cinnabari.
1013 1321 1214 1390 Unde
1231 1336 1426 1391 natus
1441 1308 1672 1390 error⁴
1676 1321 1943 1408 ,indico
1971 1306 2365 1389 cinnabaris⁵
2392 1346 2511 1389 no·

395 1529 652 1582 Cilbianis
689 1528 923 1600 primum
957 1542 1281 1584 memoratur
1304 1549 1414 1584 esse

396 1608 676 1661 inventum
700 1625 714 1659 τ
745 1610 895 1678 cujus
922 1621 976 1661 et
1001 1628 1083 1662 res
1109 1621 1160 1662 et
1181 1610 1314 1662 ratio
1338 1628 1418 1664 sa-

399 1687 484 1750 tis,
527 1705 740 1757 magnas
811 1687 970 1740 habet
1027 1685 1412 1742 admirationes.

401 1763 625 1818 Foditur
650 1763 790 1818 enim
813 1765 964 1837 gleba
986 1785 1103 1838 qum
1127 1767 1302 1839 ἄνθραξ
1333 1767 1416 1821 di·

399 1845 559 1907 citur,
601 1857 882 1915 antequam
919 1845 1314 1900 tractationibus
1343 1846 1416 1900 ad

399 1923 619 1977 minium
641 1925 914 1996 perveniat
935 1964 950 1990 ,
969 1944 1118 1990 vena,
1141 1926 1216 1980 uti
1241 1928 1412 1980 ferreo

399 2003 562 2075 magis
580 2043 595 2069 ,
616 2003 839 2057 subrufo
869 2005 1047 2058 colore
1064 2045 1079 2070 ,
1097 2005 1295 2059 habens
1315 2006 1416 2060 cir·

403 2101 460 2136 ca
492 2102 545 2135 se
576 2083 800 2138 rubrum
827 2083 1123 2154 pulverem.
1153 2085 1334 2151 Quum
1356 2084 1413 2140 id

401 2161 616 2226 foditur,
652 2181 714 2216 ex
766 2163 931 2234 plagis
973 2165 1412 2218 ferramentorum

406 2243 615 2295 crebras
662 2242 855 2294 emittit
901 2243 1161 2314 lacrymas
1209 2243 1415 2316 argenti

407 2321 510 2372 vivi
527 2359 542 2383 ‚
568 2333 666 2374 etc.
693 2347 716 2367 ι
755 2321 874 2374 Hoc
901 2341 1063 2393 porro
1093 2325 1415 2379 metallicum

405 2400 626 2452 minium
642 2439 658 2464 ,
681 2401 966 2472 expetitum
991 2403 1118 2455 olim
1149 2422 1174 2455 a
1204 2405 1419 2476 pictori-

405 2481 502 2531 bus
564 2492 779 2550 propter
839 2479 1086 2534 floridum
1149 2484 1414 2542 colorem,

407 2578 547 2610 nunc
584 2576 859 2630 perrarum
900 2573 1010 2613 est:
1047 2559 1141 2614 sed
1169 2561 1314 2634 quod
1344 2563 1418 2614 le-

408 2637 598 2690 thalius
645 2651 747 2702 est,
814 2639 1041 2694 officinae
1094 2642 1420 2695 substituunt

410 2735 592 2782 suum,
633 2728 690 2769 ut
727 2731 912 2771 vocant
946 2719 1140 2792 aliqui,
1172 2721 1422 2773 cinnaba-

411 2795 514 2846 rim
539 2813 552 2843 ε
583 2795 686 2846 hoc
713 2813 740 2847 a
763 2797 1033 2867 chymistis
1054 2811 1268 2868 paratur
1283 2799 1422 2872 ignis

412 2873 636 2925 artificio
655 2912 670 2937 ,
705 2887 1006 2945 constatque
1042 2891 1259 2948 argento
1298 2879 1422 2932 vivo

414 2963 468 3004 et
503 2952 754 3022 sulphure
793 2955 1028 3006 ustulatis
1057 2974 1070 3007 :
1118 2957 1280 3029 vulgo
1311 2978 1422 3010 ver-

417 3031 582 3083 millon
599 3073 614 3096 ,
642 3031 864 3084 cinnabre
884 3033 1120 3100 artg'fice'el.
1151 3035 1333 3089 Hum-

499 3115 549 3164 6.
575 3111 721 3163 Hanc
745 3115 836 3164 ten*
849 3153 866 3176 ,
887 3113 996 3165 dein
1023 3115 1178 3166 lavare·
1187 3116 1424 3184 farinam.

415 3191 628 3244 Viti-nv.
647 3191 748 3245 loc.
769 3191 856 3246 cit.
886 3220 907 3240 ι
925 3195 1176 3248 Revertar
1198 3215 1340 3250 nunc
1359 3195 1426 3249 ad

415 3271 566 3323 minii
618 3281 1038 3342 temperaturam.
1098 3275 1232 3348 Ipso
1281 3277 1426 3328 enim

413 3350 606 3420 glebae,
635 3369 800 3421 quum
830 3365 948 3405 sunt
974 3352 1160 3412 aridae,
1183 3355 1304 3424 pilis
1326 3355 1426 3408 fer-

412 3431 515 3483 reis
527 3428 948 3496 contunduntur,
971 3445 1021 3485 et
1039 3436 1310 3488 moluntur
1333 3456 1344 3486 :
1373 3447 1426 3487 et

415 3510 726 3574 lotionibus,
751 3521 805 3562 et
829 3511 1057 3566 cocturis
1088 3513 1286 3566 crebris
1307 3513 1424 3567 effi·

415 3589 580 3654 citur,
607 3601 670 3642 ut
698 3586 980 3642 adveniant
1000 3593 1239 3658 colores,
1268 3605 1364 3647 etc.
1393 3617 1416 3640 ι-

415 3668 600 3722 Ηιιιο.

497 3766 546 3816 7.
573 3747 936 3814 Differentiam.
977 3749 1100 3802 Hac
1138 3751 1296 3820 paulo
1337 3751 1432 3804 ali-

423 3839 499 3878 ter
523 3826 796 3896 Theophr.
819 3827 859 3879 l.
884 3845 932 3880 c.
957 3828 1134 3881 ΗΛιιυ.

503 3905 818 3958 XXXVIII.
847 3927 866 3960 1
881 3946 892 3958 .
910 3907 1120 3961 Homero
1140 3921 1268 3961 teste.
1280 3909 1433 3964 Iliad.

1500 1524 1738 1583 δυώδεκα
1759 1528 2096 1601 μιλτοπάρῃοι.
2116 1527 2225 1579 Ubi
2248 1524 2520 1581 Scholiast.

1500 1606 1718 1664 adnotat
1774 1605 2131 1678 μιλτοπαρῇους
2187 1604 2329 1670 dici,
2372 1605 2523 1678 qnod

1505 1689 1696 1760 μίλτῳ,
1726 1686 1831 1740 hoc
1857 1699 1966 1751 est,
1996 1685 2208 1738 rubrica
2242 1685 2408 1756 pictas
2429 1685 2523 1738 ha-

1498 1763 1687 1822 berent
1717 1784 1931 1840 proras,
1968 1763 2061 1826 τὰς
2097 1765 2293 1837 πρώρας
2334 1761 2523 1835 βεὸαμ-

1502 1849 1675 1918 μένας.
1702 1845 1886 1900 Hann-

1586 1947 1638 1980 2.
1664 1925 1844 1978 Milton
1884 1936 2067 1976 vocant
2092 1922 2297 1978 Groeci·
2276 1961 2289 1976 .
2326 1926 2521 1976 minium
2627 1976 2636 1985 ,

1499 2005 1708 2078 quidam,
1730 2017 1831 2058 etc.
1852 2003 2050 2056 Milton
2068 2003 2381 2056 Graecorum
2410 2021 2521 2067 non

1498 2098 1577 2138 est
1616 2084 1873 2151 minium,
1918 2083 1963 2134 le
2010 2083 2199 2134 cinabre
2219 2102 2241 2144 ,-
2303 2079 2396 2134 sed
2442 2095 2522 2136 cst

1501 2163 1678 2220 chra
1700 2165 1878 2228 rubra,
1903 2162 2049 2214 l'oc're
2062 2182 2224 2232 iunge.
2228 2159 2356 2214 Vid.
2376 2160 2519 2214 Clar.

1500 2245 1883 2308 H1L1.,Traite'
1902 2242 1963 2294 de
1990 2243 2309 2312 Theophrasto
2335 2260 2420 2292 sm·
2454 2242 2521 2293 les

1494 2326 1777 2394 pierres,p.
1814 2320 2235 2400 177.Bno1-.-
2254 2317 2519 2384 Robrica,
2590 2393 2593 2396 ἢ

1502 2422 1594 2456 seu
1616 2402 1793 2456 Ochra
1817 2402 2011 2463 rubra,
2048 2375 2183 2454 t¹erra
2213 2411 2289 2450 est
2310 2397 2519 2468 argilla-

1505 2500 1625 2546 cea,
1667 2501 1695 2534 e
1722 2481 1866 2534 silice
1901 2492 1955 2532 et
1984 2478 2216 2532 alumine
2248 2497 2363 2532 com
2407 2491 2521 2532 acta

1504 2557 1711 2622 (silicate
1732 2551 2063 2626 alumineux),
2088 2561 2334 2628 ferroque
2355 2498 2521 2628 {tia-isle

1505 2641 1564 2692 de
1578 2632 1685 2717 fer)
1708 2639 1980 2703 colorata,
2014 2637 2309 2690 cinnabaris
2336 2657 2397 2690 ex
2423 2637 2520 2708 hy-

1506 2718 1763 2791 drargyro
1789 2717 1849 2769 fit
1872 2729 1923 2770 et
1950 2677 2205 2786 sulphure
2228 2715 2390 2781 ustis·
2416 2715 2519 2770 nisi

1509 2800 1623 2871 ipsa
1664 2797 1985 2868 hydr-argyri
2010 2815 2156 2850 venae
2188 2815 2345 2849 arena
2370 2791 2521 2858 (Mer-

1506 2899 1617 2931 cure
1642 2878 1853 2946 sulfure',
1900 2875 2090 2928 cinabre
2132 2867 2309 2944 nates),
2346 2873 2519 2928 donec

1506 2957 1803 3012 cinnabaris
1820 2955 1941 3022 fiat,
1969 2967 2310 3027 excoquatur.
2334 2953 2437 3007 En.

1591 3037 1643 3092 3.
1684 3036 1915 3106 QuIdam.
1953 3033 2114 3100 Quod
2146 3033 2379 3087 indicum
2414 3033 2525 3088 cin-

1508 3117 1692 3171 nabari
1715 3114 1890 3169 colore
1918 3115 2158 3170 referret.
2190 3113 2373 3168 Hann.

1590 3203 1640 3260 4.
1674 3195 1810 3248 Unde
1836 3207 1977 3248 natus
2003 3214 2150 3246 error.
2178 3193 2387 3250 Scilicet
2414 3211 2521 3248 me-

1510 3274 1751 3329 dicorum
1772 3315 1787 3338 ,
1807 3274 1899 3345 qui
1921 3293 2020 3348 pro
2050 3272 2317 3328 cinnabari
2342 3271 2522 3327 indica

1512 3356 1564 3408 in
1592 3353 1971 3408 medicamenta
1992 3352 2215 3406 minium
2233 3352 2521 3416 addebant,

1511 3435 1715 3487 inscitia
1766 3433 2028 3500 nominis,
2072 3444 2133 3485 ut
2174 3431 2376 3486 Plinius
2417 3431 2523 3496 ait,

1512 3510 1697 3567 XXIX
1714 3553 1730 3578 ,
1757 3515 1810 3580 8,
1829 3532 1993 3584 quum
2022 3511 2246 3566 minium
2270 3511 2338 3566 sit
2362 3529 2520 3564 vene·

1510 3613 1657 3646 num.
1680 3591 1861 3646 Ham).

1602 3673 1654 3728 ⁵.
1710 3671 1994 3726 Cinnabaris
2056 3671 2257 3722 nomine.
2307 3666 2528 3722 Fallitur

1522 3751 1737 3806 Plinius.
1768 3749 2055 3805 Cinnabari
2081 3767 2265 3802 verum
2286 3785 2303 3811 ,
2328 3757 2408 3800 est
2428 3763 2529 3798 no-

1521 3843 1626 3886 ster
1668 3829 1876 3902 sanguis
1924 3827 2193 3888 draconis,
2229 3825 2429 3878 arboris
2472 3825 2529 3878 in

1522 3911 1823 3964 Fortunatis
1865 3907 2050 3965 insulis
2084 3903 2373 3969 nascentis,
2405 3923 2532 3976 quas

431 3985 498 4048 B,
522 4005 568 4038 v.
601 3987 711 4056 637
737 4003 749 4039 ε
777 3993 860 4060 Τῷ
889 3981 941 4040 δ”
979 3989 1086 4061 ἅμα
1126 3993 1231 4051 νῆες
1262 3991 1435 4044 ἕποντο
1528 3987 1771 4044 Canariae
1802 3999 2001 4042 vocant.
2034 3985 2169 4038 Du..

576 4085 691 4151 IX.

2260 4105 2298 4175 7
