2975 4684
1059 372 1370 443 LIBER
1423 373 1793 441 xxxvi
2348 368 2499 465 559

253 550 262 559 ·
379 511 692 591 miscetur
735 504 948 575 tribus
987 502 1288 599 partibus
1327 505 1486 573 nitri
1538 495 1835 597 pondere
1883 500 1988 575 vel
2034 526 2343 573 mensura
2357 553 2377 588 ‚
2421 528 2499 573 ac

378 616 622 710 liquata
645 615 714 683 in
749 609 907 681 alias
949 610 1252 681 fornaces
1289 608 1793 679 transfunditur.
1832 608 1936 678 lbi
1966 607 2045 679 fit
2074 633 2289 679 massa
2306 661 2327 691 ‚
2354 634 2501 703 quae

381 735 658 791 vocatur
695 718 1168 787 ammonitrum
1186 700 1232 739 ¹³
1259 741 1277 783 τ
1319 729 1518 810 atque
1552 715 1695 785 haec
1730 716 2131 811 recoquitur,
2179 730 2247 786 et
2282 714 2363 784 fit
2395 718 2500 783 vi-

379 843 558 897 trum
595 848 836 919 purum
858 873 878 907 ,
911 848 990 893 ac
1015 844 1230 891 massa
1259 821 1412 890 vitri
1443 821 1725 891 candidi.
1756 825 1903 890 Jam
1934 844 2095 892 vero
2112 808 2161 852 ¹⁴
2185 846 2307 917 per
2341 820 2500 891 Gal-

377 932 496 1003 lias
527 931 1006 1026 Hispaniasque
1037 926 1236 998 simili
1259 926 1462 998 modo
1498 950 1715 996 arenae
1754 942 2223 1021 temperantur.
2252 930 2503 997 Ferunt

375 1040 640 1109 Tiberio
689 1037 988 1132 principe
1043 1046 1491 1127 excogitatum
1540 1034 1695 1101 vitri
1746 1047 2373 1127 temperamentum,
2428 1047 2507 1101 ut

379 1142 660 1215 flexibile
685 1126 948 1213 esset¹⁵:
984 1154 1053 1209 et
1082 1152 1292 1208 totam
1325 1138 1659 1209 officinam
1694 1138 1965 1209 artificis
1995 1136 2137 1231 ejus
2164 1138 2505 1221 abolitam,

379 1274 463 1318 ne
479 1252 652 1335 aeris,
687 1248 946 1341 argenti
963 1298 982 1329 ,
1006 1246 1148 1313 auri
1177 1242 1452 1313 metallis
1481 1246 1697 1339 pretia
1720 1244 2261 1314 detraherentur:
2297 1242 2505 1338 eaque

381 1354 558 1424 fama
592 1354 887 1423 crebrior
917 1350 1068 1439 diu,
1091 1372 1290 1444 quam
1319 1350 1565 1419 certior
1598 1350 1739 1421 fuit.
1780 1349 1913 1419 Sed
1930 1349 2091 1443 quid
2117 1348 2363 1419 refert?
2384 1350 2507 1419 Ne·

382 1460 562 1529 ronis
583 1538 592 1547 ‚
612 1459 984 1551 principatu
1025 1469 1290 1548 reperta
1323 1456 1479 1523 vitri
1527 1469 1702 1538 arte,
1756 1480 1901 1551 quae
1934 1455 2233 1526 modicos
2272 1453 2507 1525 calices

383 1564 552 1632 duos
569 1615 589 1649 ,
649 1587 818 1655 quos
879 1557 1302 1655 appellabant
1352 1574 1650 1655 pterotos
1676 1546 1747 1646 ¹⁶,
1796 1562 1954 1631 H-S.
2003 1559 2176 1631 sex¹⁷
2222 1559 2509 1643 mil-libus

383 1668 718 1740 venderet.

488 1775 772 1844 LXVII.
803 1774 888 1841 In
920 1795 1161 1865 genere
1194 1772 1349 1839 vitri
1379 1787 1446 1842 et
1479 1771 1839 1841 Obsidiana
1852 1772 1871 1796 ¹
1910 1786 2347 1843 numerantur
2362 1824 2381 1859 ,
2426 1772 2508 1839 ad
2555 1806 2575 1838 1

381 1922 636 1994 deinceps
674 1917 896 1973 totidem
931 1917 1108 1973 verbis
1133 1915 1368 1971 Isidorus
1387 1957 1405 1985 ,

1491 1923 1635 1976 tiore
1681 1924 1822 1978 fama
1864 1924 2257 1995 pervulgatum.
2306 1926 2376 1977 Η.
2426 1958 2507 1969 --

383 2002 537 2075 Orig.
578 2000 677 2053 lib.
726 1998 897 2064 XVI,
937 2017 1054 2069 cap.
1108 1996 1194 2051 15.
1233 1994 1304 2051 H.

1489 2002 1837 2073 Excogitatum
1854 2042 1870 2068 ‚
1898 2014 2003 2057 etc.
2030 2004 2175 2055 Brot.
2202 2022 2265 2055 ex
2288 2005 2419 2074 Reg-
2442 2023 2471 2057 a
2489 2041 2509 2068 ‚

467 2084 554 2136 13.
621 2080 994 2131 Ammonitmm.
1058 2066 1361 2149 Ᾱμμόνιτρον
1383 2108 1402 2137 ,

381 2178 510 2213 voce
540 2156 770 2225 conflata
800 2158 866 2209 ab
895 2156 1058 2227 ἄμμος
1079 2193 1095 2221 ,
1133 2174 1308 2220 arena,
1348 2166 1404 2207 et

379 2240 531 2310 νίτρον
549 2277 567 2305 ,
597 2242 788 2290 nitrum.
811 2234 988 2287 Hodie
1014 2234 1231 2304 opifices
1248 2234 1403 2302 fricta

381 2327 722 2387 nuncupant,
753 2326 884 2368 teste
919 2313 1234 2383 Casalpino.
1277 2312 1347 2365 H.

470 2414 491 2447 1
506 2402 557 2459 4.
578 2396 694 2448 lam
726 2413 854 2445 vero.
879 2390 1118 2445 Isidorus
1136 2432 1154 2459 ,
1175 2392 1280 2445 loc.
1312 2390 1400 2443 cit.

385 2472 564 2524 Hann.

471 2570 492 2606 1
506 2558 557 2607 5.
585 2550 886 2623 Utflexiba'le
895 2562 1033 2603 esset.
1057 2546 1288 2619 Rhodig.
1307 2547 1402 2601 lib.

385 2633 486 2685 XX
503 2672 520 2697 ,
547 2650 596 2685 c.
628 2630 724 2697 30,
748 2643 960 2691 narrat,
989 2648 1156 2703 quum
1181 2627 1405 2699 supplex

383 2710 600 2781 quidam
616 2728 794 2763 coram
812 2710 1034 2762 Tiberio
1056 2707 1126 2761 de
1139 2704 1406 2759 industria

384 2790 636 2859 poculum
667 2789 896 2840 vitreum
950 2786 1186 2849 allisum,
1230 2786 1406 2854 ἄθραυ·

385 2887 499 2931 ςον,
525 2864 582 2918 id
612 2878 715 2930 est,
757 2866 978 2917 illaesum
1024 2877 1078 2917 et
1116 2864 1406 2917 infractum

385 2942 724 3007 ostendisset,
748 2945 893 3013 jussu
913 2945 1026 3015 ejus
1052 2941 1211 2996 fuisse
1241 2942 1406 2996 inter·

386 3024 601 3079 fectum.
617 3022 821 3075 Dante.
844 3052 922 3063 —
948 3022 1246 3093 Ueflexae'bile
1265 3033 1401 3077 esset.

386 3106 458 3157 Et
484 3101 626 3155 flecti
646 3120 770 3155 sane
786 3139 805 3167 ,
822 3102 866 3155 si
899 3099 1080 3155 debite
1100 3102 1404 3166 incalescat,

384 3194 561 3255 potest
583 3200 597 3235 ε
625 3180 817 3235 malleo
833 3178 964 3233 duci
979 3181 1036 3235 in
1058 3193 1244 3235 tenues
1261 3181 1408 3235 lami·

383 3282 509 3327 nas,
539 3257 996 3333 quemadmodum
1021 3260 1192 3315 visum
1219 3274 1298 3315 est
1311 3262 1408 3314 Isi-

383 3340 552 3408 doro,
598 3340 750 3411 Orig.
789 3340 882 3394 lib.
918 3338 1088 3405 XVI,
1131 3359 1245 3412 cap.
1293 3338 1360 3395 15
1385 3374 1404 3405 ,

381 3440 492 3475 non
519 3431 694 3493 potest
735 3441 746 3470 :
793 3420 1183 3490 quantumlibet
1217 3420 1406 3473 suffra-

381 3502 495 3572 gari
515 3502 566 3555 ci
587 3501 693 3551 Dio
717 3496 978 3565 videatur,
1003 3499 1096 3571 qui
1125 3500 1228 3551 hoc
1250 3500 1406 3553 Tibe-

382 3580 520 3633 riani
564 3578 782 3633 artificis
837 3580 1035 3633 factum
1081 3578 1371 3650 amplificat
1390 3618 1406 3644 ,

383 3658 478 3711 lib.
510 3658 662 3725 LIX,
688 3677 809 3730 pag.
843 3661 982 3730 617,
1022 3658 1193 3710 multo
1227 3660 1405 3713 minus

387 3750 537 3791 caute
549 3756 702 3810 quam
721 3737 942 3805 Plinius,
959 3738 1052 3809 qui
1070 3757 1137 3791 ne
1155 3734 1405 3791 flectendi

387 3815 602 3887 quidem
634 3818 980 3890 excogitatam
1024 3816 1090 3870 ab
1132 3834 1198 3870 eo
1247 3816 1406 3871 ratio-

387 3913 540 3963 nem,
575 3896 780 3967 liquido
823 3909 1113 3961 asseverem
1153 3894 1248 3949 sed
1287 3915 1403 3951 cre-

387 3974 568 4029 briore
597 3975 654 4029 id
675 3975 837 4031 modo
864 3975 1078 4049 prodit,
1106 3994 1266 4048 quam
1293 3994 1402 4031 cer-

1486 2086 1762 2151 mogieaeo
1778 2086 1899 2135 vim‘
1918 2093 2297 2151 temperamento.
2322 2083 2429 2135 En.

1574 2164 1663 2215 16.
1696 2162 1935 2215 Prot-ocos.
1978 2156 2144 2226 Quasi
2181 2160 2430 2232 pinnatos
2455 2176 2509 2215 et

1485 2240 1652 2293 alatos
1668 2279 1684 2307 ,
1702 2238 1909 2295 duabus
1930 2239 2069 2293 ansis
2089 2240 2358 2311 appositis.
2382 2242 2509 2306 Qui-

1486 2316 1611 2371 dam
1630 2320 1813 2391 legunt
1832 2332 2085 2393 apyrotm,
2106 2332 2161 2373 et
2184 2319 2255 2373 ita
2278 2318 2385 2373 dici
2408 2340 2509 2391 pu-

1489 2410 1605 2451 tant
1623 2417 1743 2453 vasa
1763 2398 2055 2469 frigidaria.
2078 2400 2215 2451 Du..
2232 2428 2317 2439 --
2333 2401 2507 2452 Ptem-

1492 2488 1585 2531 tos.
1630 2478 1922 2547 Πτιρωτοὺς
1945 2516 1963 2544 ,
2016 2478 2163 2549 quasi
2216 2479 2466 2549 pinnatos
2492 2517 2508 2544 ,

1489 2553 1697 2607 duabus
1724 2557 1861 2609 ansis
1891 2558 2158 2628 appositis.
2182 2558 2247 2609 In
2278 2560 2411 2630 Reg.
2444 2579 2507 2624 2,

1492 2646 1547 2687 et
1577 2634 1734 2688 colb.
1772 2636 1802 2687 3
1824 2672 1841 2699 ,
1862 2648 2092 2705 perroto-5.
2120 2637 2309 2691 Halm.

1578 2731 1669 2782 ¹7·
1690 2712 1821 2767 H-S.
1846 2732 1930 2766 sex
1947 2715 2170 2768 millibus.
2198 2716 2507 2770 Sestertium

1489 2808 1583 2846 sex
1607 2791 1775 2845 millia
1790 2831 1807 2859 ‚
1829 2806 2055 2847 moneta
2078 2795 2323 2847 nostratis
2348 2796 2509 2849 libras

1492 2871 1734 2925 efficiunt
1752 2912 1769 2937 ,
1806 2876 1995 2949 5167.
2022 2873 2189 2925 Bnooe.

1568 2950 1793 3003 LXVII.
1843 2969 1891 3004 1.
1934 2952 2011 3003 Et
2038 2948 2325 3008 Ohsidama.
2353 2951 2512 3007 Obsi·

1492 3029 1646 3085 disna
1686 3030 1775 3083 illa
1818 3048 1936 3101 quoe
1974 3031 2178 3085 Plinius
2215 3045 2509 3099 memorat,

1489 3109 1697 3163 factitia
1722 3122 1903 3174 erant,
1917 3108 1987 3163 ad
2006 3110 2411 3167 similitudinem
2434 3114 2510 3167 la·

1491 3187 1635 3261 pidis
1663 3188 1971 3253 Obsidiani,
1997 3203 2051 3243 et
2080 3192 2138 3244 in
2163 3210 2357 3262 genere
2384 3192 2509 3247 vitri

1489 3269 1903 3340 reponebantur.
1946 3270 2133 3325 Fiebat
2174 3284 2227 3323 et
2264 3270 2507 3325 obsidia·

1489 3342 1627 3401 num
1654 3349 1851 3401 rubens
1883 3346 1951 3401 ad
1976 3356 2169 3405 escaria
2198 3370 2333 3405 vasa.
2357 3349 2509 3403 Idem

1489 3428 1735 3481 Plinius:
1764 3453 1787 3475 κ
1806 3427 1894 3481 Fit
1918 3441 1972 3481 et
2001 3430 2230 3500 tinctura
2262 3449 2327 3483 ex
2352 3446 2513 3500 gene-

1489 3525 1551 3559 re
1566 3506 1841 3561 Obsidiani
1857 3547 1873 3574 ‚
1893 3507 1958 3561 ad
1974 3510 2171 3563 escaria
2195 3527 2313 3561 vasa
2335 3518 2509 3559 totum

1487 3588 1688 3641 rubens
1710 3588 1908 3641 vitrum
1950 3602 2107 3660 atque
2140 3606 2251 3640 non
2282 3587 2509 3639 translu-

1491 3685 1647 3732 cens,
1672 3664 2009 3720 haematicum
2056 3666 2417 3736 appellatum;
2446 3666 2509 3720 fit

1491 3758 1546 3798 et
1572 3747 1753 3799 album
1782 3758 1836 3798 et
1854 3746 2172 3798 murrinum.
2191 3769 2214 3791 ι
2240 3744 2319 3797 Ita
2342 3746 2513 3815 legenf-

1489 3823 1591 3879 dus
1629 3826 1720 3877 ille
1760 3825 1937 3889 locus,
1965 3823 2127 3893 vulgo
2177 3824 2511 3894 corruptissi-

1491 3923 1625 3959 mus.
1663 3907 1733 3957 At
1764 3921 1923 3957 verus
1952 3899 2274 3956 Obsidianus
2300 3905 2369 3957 ab
2401 3902 2513 3956 oh-

1488 3982 1627 4037 sidio
1642 4002 1839 4037 nomen
1852 4000 1870 4049 3
1885 3982 2311 4053 nugatur-Graeci
2322 3985 2509 4054 ὀψιανὸν
