2975 4684
444 237 539 314 86

982 245 1060 314 C.
1111 244 1454 314 PLINII
1502 245 1726 315 NAT.
1776 245 2031 314 HIST.

439 373 754 448 omnibus
777 383 963 470 paene
996 377 1354 472 provinciis
1372 429 1392 464 ,
1429 376 1546 447 sed
1570 376 1639 444 in
1665 376 1984 471 Hispania
2016 373 2579 471 pulcherrimum:

441 482 510 553 id
545 507 810 577 quoque
845 484 914 551 in
949 482 1154 553 sterili
1195 483 1376 571 solo,
1417 497 1617 578 atque
1653 485 1849 552 etiam
1891 482 2231 551 montibus
2264 509 2279 550 ε
2326 497 2394 552 et
2425 482 2580 551 ubi-

442 614 729 683 cumque
772 613 905 656 una
946 591 1218 659 inventa
1244 614 1414 659 vena
1443 604 1576 677 est,
1612 615 1751 658 non
1788 586 2025 685 procul
2062 591 2399 658 invenitur
2434 587 2578 660 alia.

375 733 404 767 2
442 697 592 765 Hoc
649 694 918 789 quidem
975 709 1044 764 et
1091 697 1168 765 itn
1227 697 1409 764 omni
1470 695 1609 766 fere
1662 698 1938 765 materia
1987 720 2003 762 :
2054 693 2273 764 unde'
2316 694 2583 765 metalla

441 803 664 871 Graeci
701 799 1012 871 videntur
1052 802 1312 872 dixisse.
1359 804 1645 890 Mirum,
1684 801 1904 873 adhuc
1948 826 2069 897 per
2102 803 2458 896 Hispanias
2498 803 2583 870 ab

439 904 818 978 Hannibale
863 908 1214 978 inchoatos
1251 923 1492 1030 puteos
1520 857 1798 1040 duiare3‚
1840 933 1959 978 sua
1998 906 2084 976 ab
2122 909 2585 979 inventoribus

442 1013 717 1083 nomina
758 1012 1104 1085 habentes.
1141 1016 1242 1084 Ex
1277 1017 1464 1111 queis
1493 1001 1785 1085 Bebulo³
1822 1013 2197 1110 appellatur
2226 1015 2586 1109 hodieque,

441 1120 557 1213 qui
591 1141 724 1190 ccc
745 1120 969 1214 pondo
993 1122 1348 1192 Hannibali
1389 1123 1966 1192 subministravit
1950 1147 2021 1190 ιιι
2062 1118 2236 1208 dies,
2276 1121 2362 1190 ad
2404 1120 2583 1190 mille

437 1225 840 1364 quingentos
873 1227 1008 1321 jam
1047 1252 1280 1324 passus
1319 1244 1556 1301 cavato
1602 1243 1863 1317 monte,
1898 1252 2021 1322 per
2062 1174 2244 1322 quod
2292 1229 2583 1323 spatium

437 1319 810 1426 Aquitani⁴
839 1347 1086 1465 stantess
1117 1335 1350 1406 diebus
1375 1336 1813 1430 noctibusque
1842 1348 2123 1429 egerunt
2148 1359 2350 1429 aquas
2376 1332 2585 1404 lucer-

338 1440 348 1453 '
441 1461 680 1508 narum
713 1426 1065 1510 mensura⁵
1067 1466 1525 1538 ,amnemque
1566 1442 1839 1512 faciunt.
1878 1443 2157 1537 Argenti
2186 1465 2390 1526 vena,
2436 1465 2583 1535 quae

439 1545 514 1612 in
544 1569 808 1616 summo
836 1561 1098 1640 reperta
1129 1564 1261 1636 est,
1302 1550 1606 1620 crudaria
1632 1546 2023 1644 appellatur.
2052 1549 2123 1615 F
2106 1573 2233 1617 mis
2300 1548 2585 1641 antiquis

439 1649 740 1720 fodiendi
778 1650 1032 1722 solebat
1061 1677 1203 1724 esse
1239 1654 1507 1725 alumen
1540 1657 1936 1723 inventum.
1983 1653 2160 1722 ultra
2196 1652 2359 1722 nihil
2398 1677 2584 1747 quae·

375 1775 408 1828 3
445 1755 738 1825 rebatur.
767 1759 1044 1853 Nuper
1025 1775 1296 1829 inventa
1319 1762 1468 1829 aeris
1494 1781 1665 1828 vena
1688 1758 1862 1828 infra
1884 1757 2152 1827 alumen
2174 1757 2354 1846 alba,
2382 1759 2586 1829 finem
2616 1771 2621 1776 “

443 1862 584 1957 spei
637 1861 856 1932 fecit⁷.
917 1863 1108 1934 Odor
1155 1891 1236 1934 ex
1279 1867 1537 1960 argenti
1589 1864 1831 1934 fodinis
1880 1849 2228 1934 inimicus⁸
2274 1865 2585 1934 omnibus

446 2087 576 2123 narn.
617 2069 709 2124 Ad
749 2069 1159 2143 excoquendum
1193 2084 1469 2144 argentum

445 2148 676 2221 plumbo
715 2151 1024 2205 etiamnunc
1057 2151 1276 2204 utimur.
1307 2153 1465 2207 conf.

442 2229 544 2285 lib.
573 2231 836 2296 XXXIV,
875 2231 945 2285 ⁵3
979 2250 994 2286 ε
1030 2231 1164 2284 ‘Est
1202 2243 1256 2284 et
1297 2232 1472 2304 moly-

443 2308 826 2383 bdoena,quam
849 2310 978 2364 alibi
1001 2311 1242 2382 galenam
1266 2313 1474 2364 vocavi-

447 2407 600 2456 mus,
627 2387 835 2460 plumbi
861 2403 914 2443 et
939 2391 1146 2461 argenti
1169 2410 1303 2445 vena
1335 2409 1474 2446 com-

447 2469 628 2524 munis
644 2507 661 2532 ,
707 2481 810 2522 etc.
841 2494 864 2516 ι
912 2469 1084 2524 Nobis
1120 2465 1335 2544 quoque
1375 2490 1472 2542 ga·

452 2549 571 2602 lene.
595 2549 702 2602 Ειι.

535 2649 589 2683 2.
633 2629 772 2682 Unde
809 2629 1024 2683 metalla.
1059 2629 1222 2696 Quod
1248 2637 1362 2702 μιτ·
1389 2632 1474 2684 ἂλ-

448 2716 577 2775 λυν,
599 2709 700 2780 alia
725 2709 882 2762 simul
909 2729 1031 2764 eum
1062 2711 1214 2778 aliis,
1242 2723 1332 2763 aut
1358 2718 1476 2782 μετ’

451 2789 582 2842 ἅλα.
601 2801 722 2860 poet
742 2787 882 2842 alia
866 2791 1224 2846 inveniantur.
1242 2789 1426 2844 Hann.

535 2867 590 2924 3.
619 2869 808 2922 Bebulo
825 2871 1114 2941 appellatur.
1134 2872 1319 2937 Quum
1333 2871 1478 2924 Han-

449 2947 598 3002 nibal
627 2967 852 3002 uxorem
885 2949 1117 3004 duxisset
1151 2951 1467 3014 Castuloue,

451 3047 598 3082 nunc
635 3029 888 3093 Cazlona,
933 3028 1079 3083 haud
1119 3031 1310 3103 procul
1339 3033 1474 3084 urbe

451 3108 686 3173 Linum,
705 3107 958 3162 videntur
974 3111 1052 3164 ibi
1082 3110 1243 3164 fuisse
1267 3110 1474 3164 Hanni-

449 3187 588 3242 balis
619 3188 790 3260 putei.
826 3189 1001 3254 Quam
1039 3190 1192 3244 multi
1228 3208 1358 3245 vero
1395 3191 1474 3244 ibi

451 3268 654 3322 fuerint
674 3267 847 3339 aperti
869 3267 994 3322 vide
1018 3268 1167 3341 apud
1205 3270 1288 3324 cl.
1325 3273 1476 3324 Bow-

449 3367 576 3414 nna,
614 3349 952 3401 Introduction
983 3351 1016 3400 ὰ
1051 3348 1306 3402 I'Hae‘stoae'oe
1339 3362 1476 3404 natu-

451 3429 568 3482 telle
583 3429 906 3500 d'Espagne,
941 3446 1064 3500 pag.
1091 3435 1225 3493 411.
1251 3431 1474 3501 Argenti

446 3527 544 3563 coc
569 3509 754 3580 pondo
789 3522 913 3563 sunt
939 3499 1136 3562 ubstrae
1161 3523 1389 3563 moneta
1411 3511 1472 3563 li·

447 3589 562 3644 bre
585 3594 822 3658 19,608;
859 3607 986 3660 ergo
1015 3601 1207 3660 puteus
1233 3588 1324 3641 ille
1352 3591 1474 3642 sub-

449 3670 784 3726 ministrabat
797 3670 856 3723 in
876 3687 1076 3724 annum
1095 3669 1132 3722 1.
1146 3686 1235 3738 7,1
1249 3669 1472 3739 56,920.

451 3747 618 3803 Baor.

534 3835 588 3892 4.
615 3831 884 3904 Aquitani,
905 3843 1003 3884 etc.
1027 3828 1118 3882 Sic
1140 3827 1266 3882 libri
1291 3847 1476 3882 omnes

449 3907 610 3962 etiam
629 3910 994 3966 MSSNerum
1009 3927 1176 3982 quum
1197 3907 1263 3965 de
1283 3910 1476 3982 Hispa-

1562 2073 1667 2128 uiae
1682 2113 1702 2140 ‚
1726 2091 1837 2126 non
1861 2069 1931 2125 de
1951 2069 2138 2126 Gallia:
2156 2071 2358 2142 argenti
2388 2067 2587 2127 fodinis

1562 2170 1736 2208 sermo
1762 2153 1856 2218 sit,
1876 2149 2021 2205 haud
2050 2149 2217 2205 dubie
2237 2150 2471 2203 Accitam‘
2480 2151 2585 2223 legi

1562 2233 1724 2288 satius
1750 2231 1933 2293 fuerit,
1966 2249 2085 2303 quaa
2124 2230 2331 2284 colonia
2354 2249 2587 2308 conven-

1564 2325 1649 2368 tus
1690 2311 2139 2384 Carthaginiensis
2172 2322 2465 2364 memorata
2500 2329 2587 2364 su-

1562 2393 1763 2466 perine,
1786 2393 1900 2456 111,
1923 2393 1975 2444 5.
2002 2391 2185 2444 Han.

1649 2475 1700 2526 5.
1712 2474 2036 2525 Lucet-narum
2058 2489 2291 2524 mensum.
2307 2472 2385 2524 Ut
2404 2489 2590 2542 quam-

1562 2553 1660 2608 diu
1690 2570 1917 2606 accensae
1954 2551 2061 2604 olei
2104 2563 2251 2605 certo
2298 2549 2462 2604 modo
2502 2551 2587 2604 lu-

1562 2651 1735 2688 cernae
1762 2630 2012 2696 ardeant,
2048 2630 2105 2682 iu
2140 2649 2206 2684 eo
2234 2631 2417 2684 labore
2447 2631 2585 2684 sint:

1563 2733 1730 2786 quum
1763 2713 1995 2766 lucernae
2026 2709 2317 2776 deficiunt,
2346 2724 2587 2764 recentes

1562 2812 1625 2847 ac
1648 2792 1838 2864 integri
1864 2791 2179 2857 succedant,
2206 2791 2298 2862 qui
2337 2789 2588 2845 eumdem

1561 2873 1802 2928 laborem
1828 2871 2044 2924 obeant.
2071 2872 2210 2923 Du..

1648 2957 1701 3008 6.
1738 2953 1896 3005 Finis.
1928 2951 2101 3004 Etiam
2129 2948 2398 3022 hodieque
2424 2949 2589 3002 fosso-

1564 3052 1649 3087 res
1686 3033 1744 3086 in
1774 3029 2011 3086 eruendo
2038 3042 2260 3101 argento·
2285 3029 2593 3102 provehunt

1564 3129 1819 3185 operam,
1845 3109 2020 3163 donec
2049 3110 2297 3164 aluminis
2329 3110 2591 3163 mineram

1565 3192 1841 3246 inveniant
1860 3211 1875 3242 ε
1918 3202 2243 3261 repertoque
2280 3185 2388 3244 hoc
2429 3207 2589 3243 succo

1563 3283 1847 3336 concreto,
1876 3289 2027 3323 venai
2070 3271 2274 3340 argenti
2306 3271 2472 3323 finem
2512 3268 2591 3322 ibi

1566 3370 1678 3406 esse
1726 3349 2043 3420 intelligunt.
2097 3350 2347 3403 Kircher.
2393 3346 2589 3403 Mund.
2666 3373 2674 3380 ¹

1567 3433 1705 3486 subt.
1732 3431 1811 3494 X,
1842 3435 1909 3495 4,
1938 3448 1993 3500 p.
2030 3435 2157 3496 ²04·
2182 3429 2363 3482 Halm.

1650 3529 1706 3581 7.
1736 3510 1939 3564 Nullum
1964 3509 2119 3581 finem
2166 3513 2268 3580 spei
2300 3499 2441 3576 facili.
2481 3507 2592 3560 De·

1560 3589 1823 3645 sideratur
1859 3590 2099 3662 primum
2138 3589 2365 3643 verbnm
2396 3587 2456 3638 in
2496 3603 2584 3639 co-

1564 3669 2134 3742 diceautiquo.P1n·.

1646 3751 1703 3804 8.
1755 3750 1898 3804 Odor
1936 3771 1999 3802 ex
2048 3752 2240 3820 argenti
2264 3746 2459 3816 fodinis
2504 3746 2596 3798 mi·

1562 3835 1738 3883 micus
1776 3843 1879 3885 etc.
1918 3830 2093 3884 Testis
2128 3827 2408 3881 Lucretius
2448 3823 2594 3896 apud

1562 3910 1821 3966 Festum.
1868 3908 2261 3982 «Scaptesula,
2301 3906 2456 3962 locus
2494 3904 2591 3959 ubi
