2975 4684
440 346 582 431 448

990 345 1066 412 C.
1117 344 1445 413 PLINII
1497 344 1710 412 NAT.
1763 344 2017 413 HIST.

440 480 572 548 ben
612 501 765 548 cum
804 476 1025 545 liberis
1060 478 1454 547 morientem
1474 462 1549 562 ⁸⁸,
1592 478 1844 571 Scopas
1883 500 1969 545 an
2009 463 2424 547 Praxiteles&
2473 478 2571 545 fe-

434 647 652 717 Lylium
676 643 991 715 Gyraldum.
1014 642 1149 697 Aliis
1174 645 1347 714 placet
1365 643 1461 696 So-

432 732 618 779 sianum
638 725 847 787 vocari,
866 723 1009 795 quod
1028 722 1095 777 ad
1122 723 1459 777 librariorum

434 806 759 876 scriptorum
794 803 1033 856 officinas
1069 804 1272 856 locatus
1309 818 1457 859 esset.

438 884 617 938 Sosios
660 883 803 935 enim
846 882 1305 955 praestantissimos
1350 886 1463 953 ejus

438 965 561 1017 artis
586 962 855 1033 magistros
876 962 1125 1015 Horatius
1152 964 1463 1015 memoravit

437 1044 494 1095 in
542 1044 674 1096 Arte
704 1058 717 1093 :
748 1067 770 1089 ι
815 1042 917 1094 Hic
959 1042 1096 1094 liber
1142 1060 1245 1094 aera
1294 1054 1461 1095 meret

436 1122 623 1185 Sosiis,
663 1146 686 1168 ιι
720 1135 773 1173 et
804 1122 859 1173 in
908 1122 1077 1191 Epist.
1122 1146 1144 1169 ι
1188 1121 1459 1174 Sosiorum

436 1204 649 1275 pumice
676 1200 921 1254 mundus.
948 1225 971 1247 ιι
996 1203 1135 1253 Du..
1156 1200 1458 1253 —Sosiani.

436 1282 607 1352 Hujus
638 1280 1005 1351 appellationis
1026 1280 1179 1351 origo
1209 1280 1361 1332 nobis
1383 1290 1462 1334 s'a-

438 1361 505 1414 tis
522 1400 537 1425 ,
558 1374 615 1414 ut
641 1378 839 1425 remur,
867 1360 1122 1431 explicata
1148 1380 1159 1410 :
1190 1372 1245 1412 at
1270 1360 1457 1431 templi

437 1441 602 1513 ipsius
632 1440 761 1493 situs
790 1442 1061 1493 obscurus.
1090 1439 1244 1492 Facta
1266 1441 1373 1511 jam
1397 1440 1463 1493 il-

429 1520 541 1574 lius
560 1534 713 1574 antea
732 1520 961 1584 mentio,
984 1519 1152 1582 xm,
1185 1537 1206 1572 1
1225 1536 1247 1570 1
1273 1538 1287 1572 ε
1318 1544 1339 1566 ι
1362 1520 1462 1573 Ce-

434 1599 586 1654 drius
609 1613 687 1652 est
713 1602 898 1652 Romo
928 1598 983 1651 in
1014 1597 1237 1651 delubro
1266 1599 1459 1669 Apollo

433 1680 710 1743 Sosianus,
756 1678 998 1732 Seleucia
1038 1676 1317 1744 advectus,
1360 1704 1383 1727 a·
1430 1696 1461 1730 a

435 1760 498 1813 C.
536 1758 687 1811 Sosio
719 1759 946 1822 scilicet,
971 1756 1047 1809 M.
1084 1755 1279 1827 Lepidi
1316 1776 1459 1829 quae-

432 1850 575 1913 store
592 1876 607 1902 ,
632 1838 727 1907 qui
753 1838 852 1889 sub
881 1836 1111 1889 Gabinio
1146 1836 1199 1887 in
1225 1836 1375 1907 Syria
1408 1848 1463 1889 et

435 1920 667 1987 AEgypto
704 1916 945 1968 militavit
965 1952 980 1977 ,
1014 1932 1077 1967 ac
1112 1926 1233 1984 post
1258 1912 1472 1968 caedem*

438 1994 656 2048 Caesaris
682 1986 897 2046 a'dhaesit
923 1994 1154 2045 Antonio
1186 2012 1199 2045 :
1237 2012 1343 2064 quo
1364 1993 1458 2047 de-

436 2074 579 2126 victo
606 2112 622 2137 ,
672 2090 971 2143 quanquam
1032 2090 1195 2143 aegre,
1248 2074 1456 2126 veniam

434 2152 739 2224 impetravit
756 2153 823 2205 ab
844 2154 1099 2222 Augusto.
1124 2152 1295 2222 Hujus
1308 2171 1458 2204 num-

433 2250 553 2285 mus
594 2244 758 2286 exstat
792 2233 845 2285 in
887 2230 1112 2285 Cimelio
1148 2232 1340 2304 Regio,
1366 2250 1457 2285 ex·

434 2330 643 2383 pressus
682 2330 709 2365 a
741 2310 1076 2383 Seguino‚'p.
1123 2312 1194 2365 83
1236 2332 1247 2362 :
1286 2330 1455 2365 sostvs

433 2408 557 2446 πει».
593 2394 656 2445 In
685 2410 908 2445 nummo
932 2410 1138 2461 graeco,
1166 2394 1314 2463 cujus
1342 2392 1458 2444 effi-

432 2472 571 2543 giem
602 2489 899 2541 expressam
929 2472 983 2523 in
1006 2489 1123 2523 cera
1158 2490 1457 2537 servamus,

430 2550 679 2604 scribitur
726 2570 741 2603 ε
782 2556 901 2605 Em
944 2554 1224 2605 ΣΩΣΣΙΟΥ
1268 2572 1282 2604 2
1324 2551 1457 2604 aries

432 2647 651 2683 currens
686 2630 935 2701 pingitur.
969 2648 1092 2683 cum
1128 2632 1455 2703 superposito

431 2709 555 2762 solis
586 2708 758 2762 sidere
789 2728 803 2762 ε
835 2712 1077 2781 symbolo
1102 2710 1368 2774 Orientis,
1402 2724 1456 2764 et

430 2787 773 2843 laudatissimi
814 2790 871 2841 in
918 2791 1071 2863 Syria
1122 2791 1453 2843 Antiochena

430 2868 639 2922 arietini
665 2870 894 2923 velleris.
928 2870 1041 2923 Sub
1072 2871 1189 2923 alvo
1227 2871 1405 2923 arietis
1434 2890 1446 2921 :

432 2952 536 3012 ΔΓ,
562 2951 782 3021 Δόγματι
806 2951 1095 3021 reponsione:
1119 2973 1141 2993 ι
1158 2948 1347 3002 Edicto
1365 2951 1449 3002 vel

430 3026 657 3081 Deci-eto
681 3030 921 3084 Senatus.
947 3055 969 3076 ιι
1004 3032 1067 3082 In
1095 3043 1247 3101 parte
1278 3030 1449 3083 antica

430 3119 589 3177 caput
628 3109 779 3160 Jovis
816 3123 893 3162 est
924 3110 1235 3163 laureatum.
1264 3110 1357 3162 Est
1383 3128 1446 3163 ex

435 3202 538 3238 are
562 3186 807 3239 minimo.
834 3189 1011 3243 Hann.

512 3267 605 3319 88.
633 3264 820 3318 Niobea
846 3286 950 3319 cum
976 3268 1135 3321 liberis
1160 3272 1449 3325 morientem.

429 3344 605 3398 Niobe
637 3344 839 3397 liberos
881 3359 1082 3417 septem
1116 3361 1448 3419 procrearat,

428 3422 759 3495 totidemque
803 3424 936 3477 filias
966 3442 979 3477 :
1004 3424 1203 3479 idcirco
1246 3445 1300 3479 se
1346 3446 1448 3479 nu-

428 3522 576 3557 mero
625 3502 857 3556 filiorum
900 3505 1152 3557 Latonam
1198 3524 1449 3576 superare

426 3584 769 3655 gloriabatur.
791 3583 878 3636 Ob
896 3583 950 3636 id
972 3584 1165 3654 Apollo
1181 3584 1319 3637 filios
1336 3588 1447 3655 ejus

427 3664 485 3715 in
522 3664 651 3717 silva
682 3676 927 3717 venantes
960 3663 1160 3735 sagittis
1185 3664 1448 3731 interfecit

426 3740 485 3793 in
498 3757 677 3795 monte
687 3744 890 3815 Sipylo.
908 3744 1075 3797 Diana
1097 3744 1231 3797 filias
1248 3744 1447 3815 sagittis

427 3818 719 3887 interemit,
751 3836 945 3893 praeter
974 3822 1302 3877 Chloridem.
1338 3824 1445 3877 Ge·

426 3898 588 3953 nitrix
634 3902 814 3955 liberis
852 3904 980 3957 orba
1013 3901 1195 3956 flendo
1236 3902 1443 3974 lapidea

426 3974 561 4028 facta
586 3997 695 4031 esse
720 3979 930 4035 dicitur.
962 3986 1162 4038 Auctor
1184 3984 1445 4055 Hyginus,

1549 644 1676 698 Fab.
1711 646 1817 709 1x3
1850 642 2008 697 Ovid.
2040 645 2259 697 Metam.
2288 646 2397 705 VI,
2433 646 2573 699 301.

1547 723 1680 777 Inde
1694 723 1930 793 lepidum
1947 724 2003 775 in
2023 723 2230 777 Nioben
2248 724 2570 795 epigramma

1547 806 1767 857 anthol.
1801 806 1915 868 111,
1947 822 1978 873 7
2004 820 2018 856 ε
2051 794 2096 857 ὁ
2117 803 2302 873 waso:
2329 798 2462 865 ὦτος
2488 807 2568 857 ιν-

1545 880 1632 937 δον
1671 888 1754 938 οὐκ
1798 888 1896 952 ἔχιι
1927 886 2106 953 νεκρόν.
2142 874 2187 937 ὁ
2228 886 2388 953 νεκρὸς
2429 876 2569 945 οὗτος

1545 966 1680 1025 ἐκτὸς
1707 966 1790 1016 οὐκ
1813 966 1911 1033 ἔχει
1933 962 2104 1033 τάφον.
2125 954 2242 1017 ᾸλΥ
2257 964 2402 1024 αὐτὸς
2420 966 2566 1017 αὐτοῦ

1543 1046 1704 1114 νεκρός
1733 1046 1805 1103 ier.
1837 1043 1920 1095 καὶ
1946 1044 2121 1113 τάφος.
2155 1064 2178 1085 ι
2207 1041 2373 1094 Vides
2395 1044 2570 1113 sepul·

1543 1122 1732 1175 chrum
1756 1120 1902 1193 quod
1921 1135 2060 1175 caret
2073 1120 2330 1175 cadavere
2355 1143 2367 1173 ε
2396 1122 2565 1175 Simul

1544 1200 1768 1255 cadaver
1792 1202 2112 1272 insepultum
2136 1201 2393 1270 conspicis
2422 1220 2437 1253 ε
2460 1199 2563 1255 Sed

1543 1280 1689 1351 quod
1697 1282 2036 1351 sepulchrum
2057 1280 2310 1352 est‚quod
2327 1278 2562 1345 cadaver,

1543 1373 1620 1413 est
1635 1360 1796 1414 idem.
1821 1362 2018 1413 nversa
2037 1378 2231 1431 nempe
2253 1360 2307 1427 in
2333 1358 2560 1430 lapidem

1545 1440 1718 1493 Niobe
1750 1442 1860 1510 ipsa
1895 1440 1998 1493 sibi
2023 1439 2297 1510 sepulchri
2333 1438 2462 1491 vice.
2491 1442 2562 1491 At

1543 1522 1854 1573 morientem
1903 1537 2022 1572 cum
2070 1518 2250 1571 liberis
2297 1518 2383 1571 hic
2429 1518 2563 1589 lapis

1544 1600 1785 1664 exhibet,
1825 1598 2067 1669 adeoque
2106 1610 2159 1651 et
2199 1596 2468 1650 dolentem
2496 1598 2562 1650 li-

1543 1678 1792 1733 berorum
1845 1680 2012 1731 vicem
2033 1715 2048 1741 ‚
2103 1696 2210 1748 quo
2265 1678 2452 1730 habitu
2500 1678 2560 1729 in

1543 1759 1916 1830 epigrammate
1953 1756 2210 1810 aniatorio
2247 1756 2563 1811 describitur

1541 1836 1846 1892 Macedonii
1869 1836 2102 1889 consulis
2117 1874 2133 1899 ‚
2157 1836 2382 1890 Anthol.
2406 1838 2511 1890 v11
2541 1858 2553 1887 :

1541 1917 1644 1974 Τὴν
1669 1915 1852 1971 Νιόὸην
1869 1917 2126 1969 κλαίουσαν
2156 1912 2272 1968 ἰδών
2301 1936 2423 1969 ποτε
2451 1917 2561 1979 βου-

1540 1998 1676 2057 κόλος
1703 1997 1820 2066 ἀνὴρ
1839 1995 2068 2067 Θάμὸιιν
2093 1997 2132 2047 si
2149 1992 2318 2048 λιίέιιν
2345 1990 2554 2065 δάκρυον

1541 2070 1643 2128 οἶδε
1664 2079 1804 2138 λίθος.
1833 2074 1998 2147 Αὐτὰρ
2014 2076 2098 2147 ἐμὲ
2120 2075 2389 2141 <evazon-a
2405 2078 2555 2136 τόσης

1540 2155 1674 2210 κατὰ
1709 2158 1874 2218 νυκτὸς
1921 2157 2117 2227 ὁμίχλην
2149 2142 2366 2224 flia-moos
2401 2154 2554 2223 ῌώΐπ-

1539 2256 1635 2296 πης
1663 2238 1748 2289 οὐκ
1782 2238 1960 2306 ἐλέαιρε
1981 2238 2125 2295 λίθος.
2157 2234 2323 2298 Ait-tog
2347 2234 2558 2303 ἀμφοτί-

1541 2335 1685 2385 ροισιν
1699 2318 1814 2387 ἔρως
1828 2338 1841 2352 ·
1863 2316 2092 2384 ὀχιτηγὸς
2116 2314 2248 2369 ἀνίης
2263 2350 2282 2378 ‚
2299 2314 2380 2381 Τῇ
2400 2310 2557 2382 Νιόἔῃ

1540 2398 1752 2460 rtatim,
1803 2394 1957 2465 αὐτὰρ
2012 2394 2120 2465 ἐμοὶ
2164 2394 2378 2447 παθέων.
2417 2418 2440 2439 α
2467 2390 2558 2446 Ad

1541 2472 1750 2527 Nioben
1787 2486 1966 2544 pastor
1995 2473 2292 2545 plorantem
2331 2472 2560 2526 substitit

1539 2554 1698 2620 olim,
1725 2554 1949 2607 Miratus
1975 2564 2149 2624 posset
2185 2552 2229 2603 si
2265 2551 2553 2620 lacrymare

1540 2632 1694 2705 lapis.
1744 2637 1812 2687 At
1853 2632 1988 2685 nihil
2033 2632 2276 2702 Euhippe
2315 2643 2422 2684 tota
2466 2648 2552 2682 me

1539 2726 1694 2766 nocte
1724 2726 1964 2784 gemente
1993 2712 2243 2763 Flectitur
2271 2725 2283 2761 :
2307 2710 2554 2781 Euhippe

1539 2791 1673 2863 quid
1691 2794 1788 2846 nisi
1811 2792 1930 2845 viva
1943 2792 2107 2843 silex?
2125 2790 2292 2844 Causa
2309 2808 2459 2843 amor
2479 2802 2558 2843 est

1539 2872 1749 2943 utrique
1779 2891 1793 2925 ε
1824 2871 2000 2925 fluunt
2018 2872 2122 2923 hoc
2144 2871 2292 2922 fonte
2317 2869 2553 2935 dolores,

1538 2951 1689 3015 Quos
1742 2952 1914 3005 Niobe
1962 2950 2138 3021 proles
2183 2950 2334 3011 fecit,
2391 2948 2556 3003 amica

1536 3031 1687 3084 mihi.
1710 3056 1733 3079 ι-
1765 3032 1833 3084 Η.
1854 3062 1936 3073 -
1953 3030 2160 3083 Nioben.
2185 3029 2362 3082 Exstat
2381 3027 2554 3083 adhuc

1535 3110 1949 3181 pulcherrimum
1965 3108 2102 3163 illud
2113 3108 2436 3179 antiquitatis
2447 3126 2556 3160 mo·

1534 3194 1880 3255 numentum,
1923 3200 1976 3242 et
2037 3189 2092 3243 in
2151 3206 2216 3240 eo
2261 3186 2444 3241 videre
2476 3200 2554 3240 est

1535 3287 1801 3323 summum
1827 3268 2044 3322 terroris
2063 3268 2384 3339 exemplum.
2404 3266 2553 3337 Opus

1536 3348 2073 3420 praecelleutissimum
2093 3360 2214 3399 ante
2235 3348 2439 3418 aliquot
2461 3364 2556 3398 an·

1535 3447 1632 3481 nos
1657 3430 1825 3481 Roma
1847 3447 1876 3480 e
1908 3427 2036 3479 villa
2052 3423 2310 3479 Medieaea
2335 3426 2554 3481 Floren-

1535 3508 1664 3562 tiam
1693 3509 1996 3561 translatum
2029 3519 2124 3560 est.
2146 3506 2315 3559 Bnor.

1619 3590 1710 3656 89.
1745 3586 1929 3657 Scopas
1969 3607 2034 3638 em
2069 3586 2340 3637 Praxiteles
2359 3584 2552 3652 feeerit.

1532 3667 1779 3721 Praxiteli
1809 3680 1956 3721 tanto
1991 3677 2112 3737 post
2149 3665 2378 3717 Plinium
2422 3676 2557 3715 tem-

1532 3747 1680 3817 poris
1712 3746 1990 3799 intervallo
2018 3743 2280 3815 intrepide
2297 3740 2556 3795 adscribit

1533 3826 1796 3879 Ausonius
1825 3825 1881 3878 in
1913 3822 2242 3897 Epitaphiis‚
2267 3838 2416 3874 num.
2450 3822 2554 3883 28,

1533 3924 1650 3976 pag.
1681 3910 1747 3959 61
1781 3923 1838 3956 :-
1863 3904 2151 3967 Vivebam,
2181 3920 2296 3954 sum
2327 3900 2453 3951 facta
2481 3900 2556 3951 si-

1531 3985 1646 4049 lex,
1686 4004 1803 4055 quse
1844 3982 2038 4038 deinde
2076 3982 2240 4055 polita
2280 3976 2556 4033 Praxitelis
