2975 4684
505 400 645 480 420

1039 398 1111 463 C.
1166 397 1497 466 PLINII
1547 394 1764 463 NAT.
1818 396 2078 463 HIST.

501 528 1004 623 hydropicorum
1047 510 1478 619 eruptiones³²
1526 526 1745 594 siccat.
1786 528 1875 593 Et
1907 527 2162 593 aurium
2201 512 2419 595 vitia³³
2457 552 2607 597 cum

470 658 698 701 succo
727 632 945 723 punici
977 628 1176 699 mali:
1205 645 1272 698 et
1314 632 1634 725 unguium
1675 631 2054 715 scabritiaS,
2095 620 2607 727 cicatricumque

497 736 789 816 duritiaS,
818 748 884 807 ct
903 736 1221 828 pterygia,
1243 759 1320 805 ac
1343 684 2235 831 permones”:pl1agedaenas
2259 736 2606 808 hulcerum

493 864 572 908 ex
614 854 836 924 aceto,
880 854 994 907 aut
1033 865 1184 908 cum
1233 840 1440 935 galla,
1491 844 1637 935 pari
1672 840 1965 936 pondere
2010 868 2083 911 ci
2084 858 2347 911 emata
2388 843 2605 938 lepras

491 969 640 1013 cum
673 968 873 1013 succo
900 943 1201 1075 olerum.
1235 972 1388 1015 cum
1417 946 1567 1017 salis
1596 972 1757 1016 vero
1792 946 2047 1016 duabus
2083 946 2419 1042 partibus,
2448 951 2607 1019 vitia

487 1074 630 1142 quae
672 1074 778 1117 sei
779 1036 1006 1143 punt³⁵

1035 1048 1314 1121 :lendes
1355 1068 1422 1121 et
1459 1052 1587 1121 alia
1590 1052 2018 1182 scapillorum
2067 1052 2407 1139 animalia,
2449 1080 2603 1148 per-

416 1162 451 1212 8
485 1157 760 1223 mixtum
786 1179 988 1247 aquae.
1023 1156 1126 1225 Sic
1153 1171 1219 1225 et
1244 1143 1615 1228 ambustis³⁶
1644 1159 1944 1253 prodest,
1968 1174 2034 1227 et
2062 1158 2424 1229 furfuribus
2455 1185 2603 1230 cor-

483 1284 718 1354 porum
740 1285 887 1328 cum
919 1285 1066 1330 sero
1087 1264 1250 1357 picis
1261 1250 1344 1305 37·
1327 1264 1739 1333 ,infunditut
1770 1278 1845 1333 et
1861 1263 2317 1358 dysentericis:
2352 1252 2601 1334 uvam³8

481 1390 742 1483 quoque
769 1366 838 1434 in
873 1389 990 1434 ore
1024 1371 1434 1463 comprimit,
1463 1394 1541 1439 ac
1579 1368 1891 1439 tonsillas.
1928 1370 2026 1439 Ad
2058 1372 2312 1455 omnia,
2348 1396 2493 1464 quae
2528 1374 2595 1439 iu

480 1472 726 1541 caeteris
756 1474 1106 1565 generibus
1135 1473 1456 1559 diximus,
1485 1475 1817 1546 efficacius
1846 1461 2295 1570 intelligitu'r3⁹
2298 1501 2379 1545 ex
2404 1475 2590 1546 Melo

475 1576 602 1645 adv
603 1590 864 1648 ectum.
913 1602 1068 1647 nam
1123 1579 1208 1649 ad
1255 1581 1539 1675 reliquos
1590 1606 1747 1652 usus
1784 1582 1933 1650 vitae
1966 1584 2035 1650 in
2077 1584 2269 1651 coriis
2283 1581 2599 1719 lanisque

473 1682 922 1777 perficiendiS,
964 1690 1192 1778 quanti
1226 1689 1311 1756 sit
1347 1689 1665 1756 momenti
1704 1686 2144 1781 significatum
2182 1674 2334 1756 est⁴⁰

473 1875 735 1939 tinentur,
763 1874 876 1927 hoec
923 1874 1145 1933 totidem
1179 1876 1288 1929 fere
1315 1876 1492 1930 verbis

473 1955 646 2007 Diosc.
678 1952 780 2006 loc.
817 1952 906 2005 cit.
937 1953 1120 2006 Hann.

551 2032 581 2083 3
594 2051 645 2085 2.
695 2032 767 2083 Ee
807 2032 1166 2103 hydropicorum
1206 2036 1486 2101 eruptiones.

470 2112 577 2165 Has
607 2129 703 2181 ego
729 2108 1040 2180 eruptiones
1069 2111 1382 2178 ἐξανθήματα.
1403 2111 1492 2163 in-

471 2202 756 2263 terpretor,
803 2190 908 2242 hoc
948 2203 1057 2253 est,
1105 2190 1348 2258 pusulas,
1389 2208 1491 2259 pu·

471 2271 696 2324 stulasve
710 2308 726 2334 ,
749 2286 871 2340 qun
893 2269 1026 2319 solet
1049 2268 1364 2338 plerumque
1383 2268 1488 2321 Pli-

470 2352 590 2404 nius
621 2348 823 2420 pituitae
859 2347 1163 2417 eruptiones
1199 2347 1485 2417 appellare.

473 2432 594 2561 ΗΛΞ
594 2448 635 2560 ξ
634 2468 655 2559 ,3
663 2506 713 2557 Ε
715 2518 737 2557 t
747 2507 932 2556 aurium
950 2502 1298 2557 vitia.'l'heod.
1320 2504 1482 2559 Prisc.

470 2588 566 2641 lib.
593 2587 644 2649 1,
663 2603 781 2656 cap.
809 2585 864 2648 8,
889 2581 983 2635 -de
1004 2584 1212 2637 aurium
1236 2585 1487 2637 causatio-

471 2684 558 2719 ne.
582 2703 596 2716 .
624 2690 636 2715 .
663 2663 720 2717 Si
744 2682 868 2716 cum
899 2662 989 2714 illa
1013 2660 1373 2731 indignatione
1396 2662 1488 2715 do-

471 2744 616 2807 loris,
630 2742 784 2795 etiam
800 2740 1056 2795 derivatio
1082 2741 1243 2793 suerit
1263 2744 1486 2808 sanioso,

469 2824 679 2876 alumen
699 2822 854 2874 melle
882 2831 935 2875 et
957 2820 1076 2873 oleo
1097 2820 1386 2874 resolutum
1405 2822 1488 2873 in·

473 2902 698 2956 fundite.
723 2928 745 2949 ι
783 2900 960 2952 Hum.

555 2984 647 3046 34.
689 2980 954 3052 Pterygion,
995 2999 1054 3031 ac
1091 2982 1357 3049 perniones.
1403 2982 1491 3034 Sic

473 3063 627 3115 etiam
655 3059 892 3112 Marcell.
923 3059 1127 3129 Empir.
1161 3078 1276 3129 cap.
1303 3078 1489 3126 κυεῖν,

473 3161 526 3213 p.
555 3140 686 3193 2³2.
709 3140 889 3193 Hamu-
987 3146 992 3157 '

558 3221 651 3274 35.
676 3218 813 3269 Vitia
845 3238 951 3290 quoe
975 3230 1182 3288 serpunt.
1201 3218 1279 3271 Ut
1307 3218 1491 3272 hulce-

473 3318 531 3353 τε
557 3312 608 3351 et
633 3296 963 3369 erysipeluta.
985 3296 1171 3350 llum.

559 3380 651 3432 36.
673 3375 758 3430 Sic
769 3390 818 3426 et
839 3378 1089 3439 ambustis,
1121 3390 1222 3430 etc.
1245 3376 1363 3429 Hoc
1383 3388 1486 3439 est,

475 3459 793 3531 permixtum
831 3474 998 3527 aqum.
1037 3456 1229 3509 Oleum
1268 3453 1486 3507 adhibet

474 3536 749 3591 Theodor.
773 3536 1023 3589 Priscian.
1040 3536 1135 3588 lib.
1161 3536 1350 3604 I,·cap.
1378 3550 1444 3601 ¹7
1465 3550 1478 3585 :

482 3644 504 3665 ι
527 3617 774 3670 Alumine
801 3616 959 3668 scisso
989 3633 1109 3668 cum
1138 3614 1257 3665 oleo
1284 3611 1483 3664 contri·

472 3710 526 3749 to
554 3715 738 3750 omnes
761 3694 993 3747 ustiones
1015 3710 1174 3761 ungo.
1198 3717 1220 3738 ι
1255 3691 1323 3743 Η.

1578 1896 1685 1928 cum
1709 1896 1815 1928 ser-o
1853 1888 1903 1928 et
1924 1880 2049 1946 pice.
2078 1878 2269 1947 Neque
2294 1875 2457 1930 modo
2485 1881 2597 1949 ejus

1578 1954 1895 2025 exemplaris
1919 1954 2201 2007 auctoritas
2224 1952 2290 2008 ad
2321 1954 2377 2006 id
2417 1956 2595 2027 impu·

1576 2033 1669 2096 lit;
1710 2032 1801 2084 sed
1828 2044 1881 2085 et
1924 2033 2225 2101 Serapionis
2261 2032 2453 2085 medici
2482 2035 2593 2087 cal-

1578 2111 1727 2163 culus
1764 2132 1775 2161 :
1816 2130 2046 2181 namque
2096 2110 2238 2163 illius
2282 2110 2545 2183 interpres
2575 2152 2594 2179 ‚

1577 2208 1692 2259 cap.
1744 2196 1885 2255 Ano,
1910 2188 1977 2242 de
2004 2190 2287 2242 Alumine:
2320 2215 2341 2237 ι
2361 2190 2593 2256 Quando

1576 2269 1792 2332 linitur,
1816 2268 2019 2340 iuquit,
2050 2286 2169 2321 cum
2190 2287 2322 2340 aqua
2355 2270 2488 2340 picis
2507 2290 2593 2323 ca-

1574 2360 1705 2417 put,
1734 2366 1857 2401 cum
1890 2366 1953 2400 eo
1982 2349 2154 2401 aufert
2194 2348 2421 2401 furfures
2453 2350 2595 2421 capi-

1574 2428 1669 2479 tis:
1704 2453 1726 2474 ιι
1760 2440 1818 2479 ut
1858 2428 2043 2497 legisse
2079 2427 2238 2498 plane
2268 2426 2509 2481 videatur
2534 2430 2590 2482 in

1570 2524 1768 2577 graec,
1816 2509 1901 2559 σὺν
1938 2508 2057 2578 ὄῤῥῳ
2102 2507 2309 2571 πίσσης,
2336 2508 2439 2560 hoc
2482 2521 2590 2579 est,

1574 2604 1693 2637 cum
1710 2586 1947 2656 pisselaeo
1968 2586 2075 2638 sive
2096 2604 2213 2637 sero
2232 2584 2381 2655 picis.
2403 2586 2589 2656 Neque

1573 2682 1659 2716 me
1678 2677 1873 2730 movet,
1885 2663 2031 2735 quod
2056 2662 2200 2735 apud
2220 2662 2589 2717 Dioscoridem

1574 2743 1777 2813 legatur
1807 2744 1863 2796 in
1890 2743 2037 2796 libris
2058 2761 2205 2796 nunc
2230 2742 2481 2813 vulgatis,
2500 2745 2586 2797 σὺν

1575 2820 1725 2893 &pesco
1758 2822 1843 2876 καὶ
1870 2824 2047 2893 πίσσῃ.
2078 2822 2211 2888 Quis
2236 2823 2376 2876 enim
2404 2836 2496 2876 aut
2523 2824 2588 2876 il·

1577 2902 1655 2953 los
1680 2903 1745 2954 ab
1774 2902 1920 2954 omni
1938 2902 2095 2973 culpa
2122 2914 2359 2972 praestet,
2382 2913 2471 2954 aut
2488 2902 2591 2973 pis-

1576 2982 1790 3034 selaeum
1818 2974 1977 3051 neget
2009 3000 2130 3034 cum
2174 2982 2405 3033 alumine
2431 2982 2587 3033 simul

1576 3062 1893 3130 permixtum
1922 3058 1989 3112 ad
2019 3060 2297 3132 pityriasin
2322 3058 2587 3130 prodesse,

1577 3138 1720 3210 quod
1744 3152 1794 3191 et
1814 3138 1973 3190 Plinii
1999 3138 2211 3193 codices
2237 3138 2393 3192 MSS.
2418 3151 2469 3191 et
2492 3140 2584 3191 Se-

1574 3218 1763 3289 rapion
1788 3231 2045 3271 asseverat
2060 3224 2083 3270 i·
2112 3218 2289 3270 Hnu.

1656 3297 1750 3351 38.
1786 3296 1957 3366 Uvam.
1982 3298 2099 3350 Hoc
2119 3297 2320 3365 pariter
2344 3295 2579 3348 Marcell.

1573 3374 1779 3446 Empir.
1807 3395 1922 3446 cap.
1944 3394 2055 3441 xm,
2077 3394 2135 3446 p.
2156 3392 2225 3444 99
2245 3410 2262 3439 ,
2282 3386 2336 3427 et
2356 3389 2469 3443 cap.
2492 3392 2581 3439 xv,

1571 3471 1625 3525 p.
1661 3457 1784 3508 106.
1820 3456 2000 3508 ΗΑιιυ.

1654 3534 1745 3603 39.
1778 3533 2042 3604 Efficaeius
2088 3530 2388 3600 intelligitur.
2418 3530 2582 3594 Quod

1571 3630 1635 3665 ex
1666 3612 1837 3665 insula
1866 3613 2010 3666 Melo
2042 3611 2251 3664 alumen
2282 3608 2580 3676 advehitur,

1569 3690 1625 3743 id
1650 3709 1761 3744 esse
1790 3691 2120 3763 praestantius
2150 3688 2347 3742 coeteris
2375 3688 2580 3759 siguifi-

551 3776 645 3846 37.
671 3776 793 3829 Cum
811 3794 914 3826 see-o
933 3777 1073 3843 picis.
1091 3770 1206 3823 Hoc
1231 3782 1334 3837 est,
1351 3788 1478 3823 cum
1566 3785 1679 3835 cat,
1706 3784 1757 3825 et
1788 3772 1843 3823 in
1874 3791 1974 3825 usu
1996 3768 2267 3823 medicina
2292 3768 2576 3821 efficacius.

465 3856 723 3925 pisselaeo,
745 3854 814 3906 de
836 3872 944 3924 quo
960 3871 1057 3905 nos
1075 3848 1204 3903 alibi
1223 3847 1475 3903 diximus.
1563 3849 1745 3903 Ham).

461 3933 540 3986 I'ta
565 3934 711 3987 hunc
734 3932 910 3985 locum
935 3930 1258 3984 restituimus
1279 3947 1340 3981 ex
1368 3928 1474 3981 fide

1644 3937 1732 3993 40.
1757 3928 2089 3999 Significatum
2113 3938 2200 3980 est.
2233 3926 2348 3981 Sub
2366 3925 2575 3979 initium

458 4014 584 4082 neg.
616 4034 643 4065 2
679 4010 796 4063 eod.
823 4030 985 4080 quum
1017 4008 1164 4079 prius
1190 4009 1470 4079 legeretur,
1560 4009 1717 4077 hujus
1737 4009 1937 4078 capitis.
1968 4006 2149 4059 liano.
