2975 4684
1132 413 1441 516 LIBER
1493 409 1808 481 xxxv.

2403 413 2540 486 353

420 545 933 632 Hammoniada,
965 569 1163 639 quam
1192 546 1460 641 quidam
1491 545 1884 616 Nausicaam
1917 560 2197 633 vocant,
2229 546 2542 640 adjecerit

418 651 727 748 parvulas
755 676 959 721 naves
988 651 1215 746 longas
1239 654 1307 720 in
1339 653 1446 735 iis,
1477 677 1624 745 quae
1652 653 1934 746 pictores
1952 677 2231 746 parerga
2246 651 2298 691 ⁷⁹
2325 655 2546 748 appel-

420 756 558 827 lant
587 784 601 825 :
637 774 707 827 ut
744 772 1092 854 appareret
1130 783 1168 825 a
1204 757 1439 851 quibus
1478 757 1677 826 initiis
1719 757 1803 825 ad
1839 781 2053 826 arcem
2089 761 2542 832 ostentationis

396 887 621 958 ·opera
662 889 777 932 sua
827 865 1292 958 pervenissent.
1366 860 1656 930 Palmam
1715 863 1920 931 habet
1973 863 2346 932 tabularum
2403 869 2542 961 ejus
2581 883 2647 935 38

418 967 669 1064 Ialysus
682 957 755 1058 ⁸⁰,
778 971 893 1064 qui
921 984 1019 1039 est
1055 973 1322 1051 Romae,
1354 968 1609 1039 dicatus
1637 969 1704 1036 in
1737 966 1984 1062 templo
2018 956 2266 1038 Pacis⁸¹
2295 997 2309 1038 τ
2345 997 2540 1065 quem

420 1099 623 1168 quum
655 1079 993 1170 pingeret,
1016 1075 1298 1145 traditur
1334 1075 1614 1144 madidis
1649 1072 1889 1168 lupinis
1923 1075 2196 1162 vixisse,
2231 1081 2543 1169 quoniam

421 1181 612 1250 simul
653 1180 890 1251 famem
928 1183 1325 1250 sustinerent
1360 1195 1426 1248 et
1454 1182 1624 1249 sitim
1649 1234 1666 1267 ‚
1707 1205 1790 1248 ne
1822 1205 2049 1249 sensus
2085 1181 2282 1248 nimia
2323 1182 2544 1254 dulce·

420 1285 574 1356 dine
610 1287 998 1356 obstrueret.
1046 1288 1219 1355 Huic
1261 1288 1533 1380 picturae
1579 1300 1812 1379 quater
1854 1285 2142 1355 colorem
2161 1271 2214 1310 ⁸²
2253 1287 2546 1378 induxit,

418 1428 541 1497 J'ovi
564 1445 852 1498 Hammoni
872 1445 1155 1496 mitterent.
1178 1442 1443 1512 Ulpianus

422 1523 477 1575 in
495 1525 705 1577 Comm.
724 1521 787 1574 ad
814 1521 1115 1574 Medianam
1136 1521 1445 1573 Demosthe-

418 1602 503 1654 nis
535 1619 549 1654 τ
588 1589 767 1671 Ῠςιρον
803 1597 863 1655 δί
890 1601 974 1653 καὶ
1014 1601 1153 1652 ἄλλαι
1184 1602 1311 1669 τριῖς
1340 1601 1446 1668 ἐγί-

420 1700 559 1734 νοντο
576 1720 593 1745 ,
620 1673 871 1749 Ᾰντίγονις
887 1718 903 1743 ,
932 1679 1237 1749 Πτολεμαῒς,
1272 1671 1444 1749 Ᾰμμο-

420 1759 547 1820 νιὰς,
573 1755 749 1816 ἐπειδὴ
768 1765 838 1829 τῷ
856 1749 1067 1828 Ᾰμμωνι
1088 1753 1157 1812 δι’
1178 1761 1331 1818 αὐτῆς
1354 1757 1443 1818 τὰς

422 1839 589 1900 θυσίας
612 1840 857 1910 ἔπεμπον.
882 1841 1078 1890 Τούτων
1106 1833 1165 1890 13⁸3
1188 1845 1281 1891 τῶν
1308 1839 1441 1908 ἱερῶν

423 1917 622 1988 τριήρων
649 1919 773 1974 αὐτὴ
792 1921 823 1975 ἠ
849 1919 985 1979 πόλις
1012 1919 1323 1982 ἐπιμελιῖτο,
1343 1929 1442 1968 etc.

421 1995 776 2068 Etymologici
801 2011 991 2050 auctor
1016 2017 1027 2047 :
1052 1997 1277 2065 Πάραλος
1295 2035 1309 2059 ,
1340 1994 1445 2065 ἱερὰ

422 2077 613 2146 τριήρης
628 2114 647 2141 ,
664 2077 827 2146 ὥσπερ
845 2079 931 2128 καὶ
953 2069 1200 2145 Ᾰντίγονις
1211 2114 1225 2136 ,
1249 2073 1335 2128 καὶ
1354 2083 1447 2130 An·

424 2155 627 2226 μητριὰς
642 2195 659 2221 ,
700 2168 801 2209 etc.
839 2157 1032 2218 verbo,
1069 2155 1193 2222 ἱεραὶ
1224 2154 1446 2225 τριήρεις.

424 2235 669 2288 Meminit
703 2236 925 2304 hujusce
964 2234 1135 2287 Parali
1178 2235 1325 2287 navis
1355 2234 1463 2287 ci-·

422 2305 546 2366 ebro
562 2313 776 2366 inVerr.
793 2314 888 2365 Or.
906 2315 1007 2377 IV,
1022 2331 1075 2366 n.
1095 2331 1116 2364 ι
1132 2311 1222 2365 35.
1239 2313 1447 2364 Nomen

425 2393 583 2445 habet
608 2392 676 2444 ab
704 2405 917 2446 auctore
954 2389 1169 2457 Paralo,
1202 2388 1270 2443 de
1303 2409 1444 2462 que,

430 2471 567 2536 VII,
596 2471 686 2540 57.
711 2471 892 2524 Hann.

509 2567 600 2619 79.
650 2551 887 2619 Pas-erga.
940 2549 1183 2620 Πάριργον
1202 2587 1217 2614 ,
1270 2549 1449 2618 operis

425 2627 691 2698 appendix
715 2669 730 2694 ,
791 2631 1122 2700 accessioque
1188 2627 1387 2680 dicitur
1430 2649 1441 2679 ε

316 2706 325 2712 '
428 2707 573 2777 quod
606 2709 762 2762 alicui
797 2710 873 2762 rei
899 2722 1089 2779 praeter
1114 2707 1445 2779 propositum

426 2785 643 2840 additur
667 2809 679 2838 :
703 2801 759 2840 ut
782 2790 823 2839 si
849 2788 1022 2857 pictor
1043 2787 1073 2839 J
1081 2805 1309 2838 unonern
1332 2785 1449 2856 pin·

428 2885 584 2936 gens,
613 2865 862 2919 ornandae
892 2865 1099 2918 tabellas
1144 2865 1305 2934 gratia
1324 2905 1339 2922 ,
1368 2883 1447 2918 ar·

354 2975 365 2986 ·
428 2944 701 3008 busculas,
738 2945 1096 3013 aviculasque,
1120 2955 1210 2996 aut
1242 2942 1446 3012 aliquid

428 3021 825 3094 hujuscemodi,
856 3023 1116 3076 corollarii
1142 3023 1274 3087 vice,
1300 3020 1447 3075 addi·

427 3101 583 3156 derit.
606 3103 714 3154 Has
733 3115 911 3154 autem
938 3101 1128 3171 adjecit
1149 3101 1415 3154 naviculas
1433 3141 1450 3169 ‚

428 3193 489 3234 ut
512 3201 541 3234 a
565 3183 758 3253 quibus
782 3181 948 3234 initiis
972 3180 1038 3234 ad
1068 3185 1325 3252 majorum
1352 3200 1447 3234 na-

427 3261 573 3314 vium
638 3261 1021 3314 absolutionem
1094 3261 1414 3332 pervenisset
1432 3300 1447 3325 ,

428 3339 739 3394 ostenderet.
766 3342 948 3393 Hann-

510 3421 601 3474 80.
618 3421 823 3492 Ialysus.
844 3421 1052 3485 Strabo,
1070 3420 1219 3482 XIV,
1233 3436 1288 3489 p.
1304 3419 1411 3488 65².
1433 3438 1447 3474 τ

426 3502 527 3552 Καὶ
552 3501 603 3553 αἱ
636 3505 718 3552 τοῦ
752 3502 1073 3570 Προτογένους
1098 3502 1315 3568 γραφαὶ,
1344 3501 1369 3550 ὅ
1392 3518 1445 3551 τε

428 3567 624 3640 lituae<
640 3617 655 3643 ,
672 3581 790 3634 καὶὸ
811 3581 1021 3648 Σάτυρος
1042 3583 1267 3647 παρεςὼς
1295 3581 1445 3648 ςῦλῳ.

430 3659 615 3712 Cicero
661 3657 728 3710 ad
770 3659 925 3711 Attic.
962 3659 1055 3710 lib.
1088 3659 1176 3721 11,
1205 3675 1289 3728 ep.
1335 3676 1437 3709 21:

432 3757 451 3778 ⁸
482 3737 549 3789 Et
572 3751 630 3789 ut
659 3739 869 3808 Apelles
894 3739 935 3788 si
960 3739 1222 3788 Venerem
1238 3776 1253 3800 ,
1283 3748 1374 3788 aut
1400 3738 1441 3789 si

430 3815 747 3885 Protogenes
794 3817 1022 3888 Ialysum
1075 3816 1227 3867 illum
1288 3833 1439 3866 suum

432 3912 579 3946 coeno
604 3896 829 3948 oblitum
855 3894 1079 3957 videret,
1106 3909 1204 3946 etc.
1230 3920 1251 3940 ι
1268 3895 1443 3946 Vene-

432 3989 543 4024 rem
565 3991 685 4026 cum
718 3975 884 4045 [alyso
906 3975 999 4046 qui
1019 3975 1311 4044 componit,
1334 3993 1439 4026 non

432 4051 580 4104 urbis
604 4070 797 4108 nomen
826 4073 962 4119 esse,
996 4065 1055 4106 ut
1090 4053 1305 4124 quidam
1340 4073 1440 4124 pu·

580 4151 703 4217 IX.

1531 1455 1708 1494 tarunt
1729 1483 1745 1505 ‚
1788 1440 1880 1494 sed
1911 1441 2044 1506 viri,
2086 1441 2316 1514 Ialysum
2356 1444 2553 1500 indicat

1532 1520 1677 1573 haud
1704 1523 1924 1573 obscure
1946 1537 1960 1572 ε
1982 1539 2138 1591 quem
2156 1522 2291 1574 Solis
2304 1538 2550 1594 nepotem

1533 1599 1723 1652 Cicero
1744 1612 1895 1652 vocat
1923 1598 1990 1652 de
2021 1599 2221 1652 Natura
2249 1601 2412 1654 Deor.
2443 1605 2555 1668 111,

1531 1697 1587 1730 n.
1614 1679 1682 1740 54
1699 1717 1713 1742 ,
1731 1697 1760 1731 a
1785 1697 1891 1748 quo
1914 1695 2110 1732 nomen
2127 1679 2274 1731 urbis
2304 1680 2360 1732 in
2387 1681 2557 1737 insula

1534 1756 1727 1810 Rhodo
1760 1758 1960 1812 datum.
1982 1758 2046 1809 In
2079 1777 2142 1810 ea
2176 1759 2389 1830 pictura
2426 1778 2553 1814 con-

1532 1835 1756 1889 ficienda
1794 1853 1957 1890 annos
1984 1849 2183 1907 septem
2219 1836 2558 1911 insumpsisse

1533 1917 1884 1986 Protogenem
1903 1955 1920 1978 ,
1959 1928 2141 1968 auctor
2179 1929 2256 1967 est
2287 1917 2554 1984 AElianus‚

1535 1995 1669 2047 Hist.
1686 1996 1817 2046 Var.
1839 1995 1985 2059 XII,
2013 2001 2107 2057 41,
2132 2007 2186 2047 et
2211 1995 2478 2050 Plutarch.
2501 1999 2557 2050 in

1536 2074 1827 2126 Demea-ic.
1854 2074 2035 2126 Hiran.

1615 2153 1678 2206 81
1694 2191 1706 2204 .
1761 2154 1820 2205 In
1862 2153 2033 2222 templo
2082 2153 2246 2206 Pacis.
2295 2153 2556 2208 Incendio

1536 2233 1716 2285 Romae
1736 2233 2064 2302 absumptam
2084 2231 2268 2284 scribit
2285 2233 2555 2288 Plutarch.

1535 2313 1592 2364 in
1617 2311 1922 2376 Demetrio,
1945 2329 2068 2382 pag.
2098 2311 2228 2378 898.
2255 2312 2436 2366 Hsnn.

1619 2393 1706 2444 8¹2.
1743 2391 1875 2442 Huic
1907 2395 2112 2460 pictae-ce
2153 2401 2324 2460 quater
2356 2391 2555 2444 colorem

1535 2469 1745 2534 induxit,
1767 2470 1976 2522 subsidio
2001 2472 2192 2538 injurias
2211 2482 2260 2520 et
2283 2477 2553 2527 vetustatis.

1536 2548 1804 2600 Hermolai
1837 2561 1930 2601 est.
1958 2547 2134 2601 codd.
2167 2561 2292 2602 vett.
2317 2563 2377 2604 ut
2403 2564 2555 2606 antea

1535 2624 1790 2699 edebatur
1813 2647 1824 2678 :
1849 2655 1870 2674 ι
1892 2626 2103 2680 induxit
2123 2641 2308 2681 contra
2325 2630 2555 2685 subsidia

1531 2705 1740 2775 injuriae
1778 2718 1830 2758 et
1860 2706 2143 2758 vetustatis.
2174 2733 2195 2753 ι
2245 2708 2460 2762 Novum
2490 2711 2553 2763 iis

1532 2785 1636 2836 hoc
1647 2784 1839 2848 visum,
1854 2785 1942 2856 qui
1957 2785 2217 2838 subsidium
2232 2787 2429 2858 ubique
2443 2789 2554 2841 fere

1533 2883 1634 2934 pro
1658 2863 1854 2916 auxilio
1881 2876 1932 2916 et
1964 2863 2266 2934 adjumento
2288 2869 2418 2938 poni
2441 2887 2552 2921 me-

1533 2943 1811 2996 minerant.
1845 2942 1949 2996 Sed
1977 2943 2180 2996 Plinius
2205 2945 2419 2997 subsidia
2453 2965 2553 3015 po-

1535 3021 1636 3075 tuit
1684 3020 1862 3074 dicere
1879 3062 1893 3086 ,
1941 3041 2047 3093 quo
2073 3027 2076 3032 ’
2099 3042 2251 3076 sensu
2301 3026 2553 3097 vegetius

1531 3101 1768 3154 subsessus
1786 3142 1800 3164 ,
1854 3103 2002 3172 quasi
2054 3123 2155 3173 pro
2210 3101 2415 3158 insidiis
2463 3121 2553 3161 aut

1533 3181 1808 3251 inopinata
1834 3181 1888 3232 vi
1912 3195 1927 3233 τ
1955 3181 2037 3232 vel
2065 3201 2166 3251 pro
2195 3183 2248 3234 vi
2267 3197 2424 3256 atque
2451 3187 2551 3239 im·

1532 3273 1658 3330 petu
1678 3260 1883 3312 serioris
1901 3261 2173 3332 temporis.
2190 3264 2326 3316 Nam
2339 3266 2552 3318 subsidia

1533 3351 1657 3395 sunt
1677 3340 1844 3392 robur
1863 3337 2154 3393 secundum
2177 3355 2228 3395 et
2253 3358 2518 3414 posterum
2532 3383 2548 3412 ‚

1532 3419 1762 3489 primam
1795 3420 1956 3472 aciem
1997 3421 2268 3492 excipiens
2300 3437 2356 3476 et
2395 3423 2552 3476 susti-

1534 3516 1680 3550 nens.
1702 3498 1884 3562 Multi,
1905 3500 1997 3571 qui
2021 3501 2283 3571 principia
2302 3514 2548 3553 constan-

1533 3591 1616 3630 ter
1644 3578 1934 3632 toleravere
1957 3593 2048 3632 aut
2077 3581 2236 3633 etiam
2258 3579 2546 3648 impulere,

1532 3671 1652 3728 post
1699 3659 1976 3730 principiis
2023 3675 2222 3713 cessere
2266 3677 2278 3708 :
2323 3658 2434 3720 vel,
2493 3673 2550 3712 ut

1530 3738 1721 3790 clarius
1743 3737 1914 3790 dicam
1935 3777 1950 3802 ,
1977 3737 2068 3808 qui
2090 3737 2274 3806 primae
2300 3736 2428 3787 aciei
2454 3736 2552 3789 ho-

1531 3816 1637 3870 stili
1657 3817 1952 3870 restiterant
1969 3854 1984 3880 ,
2001 3827 2090 3866 aut
2108 3815 2263 3866 etiam
2289 3833 2400 3866 eam
2429 3816 2550 3870 loco

1531 3908 1835 3962 moverant,
1885 3894 2011 3947 victi
2055 3904 2176 3943 sunt
2229 3911 2258 3944 a
2298 3893 2518 3950 subsidiis
2537 3936 2554 3958 ,

1531 3987 1811 4045 postquam
1839 3991 1924 4026 res
1950 3970 2014 4022 ad
2057 3971 2265 4024 triarios
2296 3973 2555 4029 rediisset.

1530 4054 1847 4107 Praesentem
1885 4050 2138 4119 injuriam
2157 4090 2173 4115 ,
2198 4053 2444 4108 omnibus
2463 4071 2559 4108 ‘cu-

2226 4147 2314 4217 23
