2975 4684
996 385 1302 456 LIBER
1359 385 1764 454 XXXVII.

281 532 288 539 '
330 514 638 588 caeruleiS.
664 515 1136 611 Sapphirorum
1159 570 1179 601 ‚
1204 541 1351 611 quae
1385 540 1538 586 cum
1578 537 1871 609 purpura
1893 499 1940 600 ³,
1972 515 2237 607 optimae
2264 513 2441 608 apud

331 623 568 692 Medos
587 609 611 654 ⁴
645 647 662 689 :

333 770 656 838 accenditur,
682 773 856 843 granis
879 773 1086 837 aureis,
1109 771 1312 842 exiguis
1328 811 1344 835 ,

334 854 475 906 intus
501 852 943 916 scintillantibus,
993 863 1044 904 et
1072 849 1210 903 flavo
1240 850 1344 903 ful-

331 949 460 1002 gore
497 929 914 1001 splendentibus.
959 929 1146 982 Aureis
1171 941 1344 982 autem

277 1013 284 1020 ’
332 1011 417 1062 vel
443 1010 637 1080 guttis,
667 1011 750 1061 vel
776 1010 926 1062 lineis
948 1007 1234 1069 distinctas,
1254 1027 1348 1062 no·

333 1102 487 1150 tatas,
511 1087 760 1154 variatas,
788 1105 1095 1159 conspersas
1119 1105 1348 1158 gemmas

333 1167 390 1220 in
416 1168 520 1220 hoc
546 1167 704 1219 Plinii
745 1167 890 1220 velut
913 1165 1090 1219 indice
1123 1168 1348 1236 repen-ie.
1385 1176 1393 1182 “

340 1264 388 1298 1.
431 1244 769 1298 sandastrum
789 1284 804 1312 ‚
843 1245 1130 1315 fulgentem
1179 1245 1350 1298 aureis

334 1325 510 1396 guttis.
562 1343 610 1376 2.
649 1324 889 1394 Cyanon.
934 1323 983 1376 3.
1030 1322 1354 1393 Sappbiron..

340 1411 392 1466 4.
421 1403 870 1456 Coralloachaten.
911 1401 964 1454 5.
1000 1399 1262 1470 Acopida.
1293 1405 1347 1453 6.

335 1479 691 1534 Chelonitidn.
717 1499 769 1550 7.
791 1479 1126 1544 Hermesion,
1144 1478 1354 1532 radian-

339 1573 443 1612 tem
475 1578 621 1613 auro.
648 1560 702 1612 8.
728 1559 1124 1629 Leucope-talou
1141 1595 1158 1624 ,
1180 1558 1354 1611 aureis

339 1639 494 1691 lineis
532 1636 762 1690 candore
803 1635 1073 1690 distincto.
1112 1655 1164 1705 9.
1200 1637 1352 1706 Lysi-

341 1717 582 1771 machum
603 1755 618 1781 ,
631 1713 842 1768 Rhodio
865 1718 1112 1768 marmori
1127 1714 1351 1768 similem

339 1799 512 1850 sumis
551 1795 697 1847 venis
725 1795 1063 1865 picturatum.
1099 1812 1182 1847 ιο.
1213 1792 1352 1845 Leu-

337 1876 650 1946 cochryson.
683 1893 705 1926 ι
724 1891 772 1926 x.
791 1874 1060 1926 Ponticam
1093 1871 1318 1944 primam
1337 1909 1352 1936 ‚

339 1955 590 2006 stellatam
633 1953 806 2005 aureis
842 1952 1016 2022 guttis.
1064 1969 1150 2004 12.
1176 1951 1354 2002 Ponti·

337 2051 454 2086 cam
483 2030 792 2095 secundnm,
819 2030 970 2082 lineis
990 2030 1160 2082 aureis
1179 2029 1354 2099 virga·

339 2125 464 2166 tam.
487 2111 626 2163 Du..
647 2141 726 2152 —-·
747 2109 938 2161 Aurum
948 2111 1140 2179 punctis
1155 2107 1357 2158 collucet

339 2191 570 2242 caeruleis.
615 2189 810 2241 Aureis
852 2188 1065 2258 punctis
1115 2185 1355 2256 sapphiri

341 2281 518 2320 cutem
559 2285 668 2319 esse
709 2268 994 2336 inspersam
1010 2303 1028 2328 ,
1069 2278 1122 2317 et
1153 2265 1354 2334 pariter

344 2345 578 2399 caeruleis
595 2381 614 2409 ,
647 2344 988 2414 purpureisve
1007 2381 1036 2405 „
1053 2339 1199 2412 quod
1225 2343 1353 2394 elte-

344 2443 464 2476 rum
490 2422 726 2494 sapphiri
743 2440 906 2491 genus
933 2433 1010 2473 est
1037 2439 1160 2472 mox
1182 2421 1356 2490 appel·

342 2501 556 2555 landum
574 2540 591 2566 ,
617 2500 830 2560 indicat.
853 2498 1010 2552 Unde
1029 2498 1356 2568 intelligitur,

344 2595 601 2654 quantum
633 2580 910 2651 sapphirus
937 2578 1176 2631 Pliniana
1202 2595 1230 2628 a
1258 2595 1356 2629 no·

347 2673 448 2714 stra
473 2659 762 2730 discrepet,
783 2677 902 2730 qum
929 2669 982 2710 et
1007 2669 1116 2710 tota
1138 2656 1357 2710 caerulea

347 2753 452 2801 est,
477 2751 528 2790 et
548 2737 852 2806 perlucida:
878 2755 976 2788 nec
1002 2732 1145 2807 apud
1173 2733 1359 2786 Medos

347 2818 522 2869 solum
547 2813 806 2878 Indosve,
833 2813 921 2866 sed
951 2826 1003 2865 et
1022 2812 1163 2882 apud
1183 2831 1280 2865 nos
1300 2814 1355 2865 in

345 2897 560 2964 Europa
601 2893 796 2944 natales
835 2892 1010 2944 habet.
1046 2891 1248 2944 Plinius
1275 2891 1354 2942 in-

349 2973 455 3038 l‘ra,
479 2991 594 3043 cap.
621 2973 690 3033 54
712 2991 724 3022 ε
754 2970 1212 3024 «Coralloachates
1240 2983 1356 3040 gut·

351 3055 418 3106 tis
444 3051 614 3104 eureis
635 3049 871 3122 sapphiri
909 3047 1068 3102 modo
1099 3066 1295 3118 sparsa.
1326 3073 1349 3096 ι

351 3133 532 3184 Hsnn.
552 3161 630 3173 ——-
663 3130 718 3182 In
742 3129 976 3198 sapphiris
1013 3147 1198 3181 aarum.
1229 3127 1357 3198 Sap-

349 3211 534 3281 pbirus
559 3220 760 3262 nostras
785 3219 894 3259 tota
923 3208 1142 3260 caerulea
1171 3219 1276 3270 est,
1306 3220 1360 3260 et

350 3286 622 3360 perlucida
662 3283 955 3349 (corindon,
999 3287 1153 3338 telesc‘e
1191 3287 1322 3338 δίεπε
1339 3325 1354 3349 ,

350 3369 514 3438 saphe‘r
523 3356 776 3432 oriental),
796 3366 866 3418 ita
879 3376 938 3417 ut
953 3364 1194 3418 videatur
1217 3383 1363 3435 gem-

355 3465 491 3500 mam
519 3447 774 3499 Veterum
809 3445 1176 3514 cognominem
1206 3463 1235 3496 a
1265 3462 1362 3496 no-

351 3539 508 3579 strate
531 3524 790 3577 diversam
832 3541 970 3587 esse,
1005 3537 1097 3576 sut
1133 3522 1361 3576 Plinium

353 3605 407 3654 in
438 3601 852 3658 transcribendis
872 3603 1170 3655 auctoribus
1191 3601 1363 3653 ballu-

354 3681 602 3735 cinutum.
643 3683 746 3735 En.
781 3749 786 3754 ⁸

438 3761 490 3813 3.
523 3761 642 3813 Cum
659 3779 890 3832 purpura.
911 3759 1128 3812 Garoias
1141 3761 1210 3813 ab
1233 3760 1368 3812 Hor-

357 3851 441 3894 to,
483 3841 574 3909 qui
599 3839 666 3892 de
705 3842 862 3893 rebus
901 3838 1098 3892 Indicis
1128 3833 1368 3908 scripsit,

355 3915 516 3970 tradit
529 3919 584 3970 in
602 3917 782 3972 eadem
797 3917 982 3972 fodina
999 3917 1220 3988 reperiri
1241 3935 1372 3970 non·

717 647 1040 716 nusquam
1099 637 1318 690 tamen
1373 619 1746 716 perlucidae.
1802 623 2125 688 Praeterea
2182 618 2445 689 inutiles

1432 770 1760 825 carbunculo
1798 758 2069 839 (rubino),
2095 788 2323 841 eumque
2346 789 2443 826 vo·

1434 850 1543 903 ceri
1590 850 1657 902 ab
1700 849 1891 902 incolis
1938 849 2444 919 sapphirorubinum

1433 917 1935 999 (sapphiranthraca
1950 923 1988 990 ).
2026 927 2321 982 Gemmsrii
2346 949 2445 984 no-

1433 1007 1527 1061 stri
1561 1017 1783 1072 vocant,
1811 1006 1977 1074 saphir
2011 1027 2176 1076 muge.
2203 1010 2343 1062 Du..
2368 1039 2449 1052 —-

1437 1085 1558 1139 Cum
1576 1104 1809 1156 purpura.
1840 1083 1975 1137 Cum
2004 1088 2213 1156 punctis
2240 1104 2449 1159 purpu-

1432 1165 1554 1218 reis.
1576 1162 1933 1234 Epiphanius,
1976 1161 2043 1216 de
2082 1182 2167 1217 κη
2196 1167 2448 1236 gemmis,

1435 1261 1554 1315 pag.
1588 1261 1697 1312 ²²7
1729 1243 1905 1303 εΔίοος
1932 1244 2195 1313 σάπφειρος
2224 1247 2452 1317 πορφυρί-

1436 1324 1546 1384 tus.
1572 1360 1585 1374 .
1610 1359 1624 1374 .
1652 1321 1817 1373 Πολλὰ
1844 1316 1903 1373 δῦ
1932 1323 2047 1391 qni-m
2084 1323 2257 1376 τούτου
2294 1325 2451 1396 ὑπάρ-

1433 1420 1599 1468 χουσιν
1616 1422 1629 1436 ·
1651 1401 1759 1452 ἔστι
1787 1398 1880 1471 γὰρ
1909 1401 1933 1452 ὅ
1972 1401 2219 1465 βασιλικὸς
2234 1439 2251 1466 ,
2275 1421 2451 1471 χρυσο-

1436 1481 1607 1548 στιγής
1624 1500 1638 1513 ·
1666 1479 1717 1531 οὐ
1742 1484 1874 1531 πάνυ
1897 1474 1957 1530 ὃὸ
1983 1473 2117 1541 οὗτος
2144 1481 2455 1550 θαυμαζόμε-

1435 1577 1541 1621 νος,
1564 1561 1627 1618 ὣς
1648 1559 1673 1610 ὃ
1692 1552 1852 1611 διόλου
1872 1559 2166 1629 «suppositos
2182 1580 2197 1594 ·
2210 1559 2297 1612 καὶ
2316 1552 2451 1622 οὗτος

1437 1631 1499 1688 δὲ
1520 1637 1719 1710 λίγιζται
1755 1629 1874 1690 sivan
1901 1637 1949 1688 iv
1972 1643 2036 1706 τῇ
2058 1628 2225 1708 lvdie,
2257 1636 2341 1690 καὶ
2360 1640 2454 1692 Δί·

1434 1716 1619 1783 θιοπίᾳ.
1650 1735 1671 1758 ·
1691 1715 1983 1784 Sapphirus
2007 1733 2213 1786 gemma
2243 1734 2453 1789 purpu-

1437 1793 1612 1846 rescit.
1641 1829 1656 1845 .
1680 1831 1695 1845 .
1721 1831 1736 1846 .
1766 1794 1933 1846 Mults
1957 1807 2079 1846 sunt
2108 1795 2219 1864 ejus
2244 1813 2453 1865 genere.

1437 1871 1532 1924 Est
1556 1872 1697 1924 enim
1718 1873 1893 1942 regius
1924 1872 2094 1926 aureis
2120 1873 2331 1944 punctis
2364 1892 2455 1927 ve·

1436 1951 1565 2003 rius.
1591 1950 1715 2003 Non
1744 1964 1821 2004 est
1846 1969 1975 2004 vero
1998 1951 2087 2003 hic
2110 1951 2166 2004 in
2192 1963 2338 2006 tantu
2362 1951 2456 2006 ad-

1437 2028 1717 2082 miratione
1733 2068 1748 2093 ,
1774 2041 1968 2100 quanta
1996 2031 2085 2082 ille
2116 2031 2209 2100 qui
2236 2049 2456 2102 prorsus

1436 2107 1791 2179 purpurascit.
1838 2111 1905 2160 Et
1957 2108 2048 2161 bic
2093 2108 2295 2163 dicitur
2344 2127 2453 2164 esse

1438 2205 1605 2256 quum
1632 2187 1689 2238 in
1726 2185 1908 2250 India,
1934 2199 2048 2240 tum
2086 2187 2243 2240 etiam
2272 2188 2327 2240 in
2359 2193 2453 2242 AE-

1437 2265 1659 2336 thiopia.
1682 2290 1707 2312 ·
1756 2267 1883 2319 Hoc
1937 2265 2156 2318 totidem
2210 2267 2453 2337 syllabis,

1437 2344 1783 2414 apicibusque
1822 2358 2282 2416 representamus,
2321 2359 2455 2418 quot

1439 2433 1562 2474 sunt
1594 2423 1651 2473 in
1692 2421 1966 2476 codicibus
2009 2425 2163 2477 MSS.
2210 2426 2342 2496 Reg.
2389 2444 2417 2478 s
2435 2464 2454 2491 ,

1441 2499 1593 2551 Colb.
1625 2499 1655 2550 3
1670 2536 1685 2562 ,
1710 2500 1839 2553 Fux.
1866 2516 1920 2555 et
1940 2502 2029 2554 alii
2046 2524 2061 2554 ι
2084 2503 2218 2555 mire
2231 2505 2287 2555 in
2304 2503 2455 2558 libris

1441 2575 1597 2629 editis
1624 2576 1877 2630 hactenus
1908 2581 2225 2651 interpolata
2248 2601 2263 2634 z
2288 2605 2309 2628 ι
2324 2582 2457 2654 Sep-

1441 2654 1632 2725 phirus
1659 2656 1801 2706 enim
1820 2661 1885 2710 'et
1911 2660 2081 2712 aureis
2102 2662 2317 2728 punctis
2344 2663 2455 2715 col-

1442 2734 1599 2786 lucet.
1620 2733 1870 2786 Caeruleae
1892 2747 1944 2786 et
1959 2737 2191 2805 sapphiri
2203 2759 2457 2811 ,raroque

1442 2828 1565 2865 cum
1610 2830 1862 2882 purpura.
1904 2812 2137 2882 Optima
2168 2815 2309 2884 apud
2340 2813 2457 2872 Me‘.

1443 2889 1567 2953 dos,
1598 2903 1697 2944 etc.
1717 2917 1739 2938 ι
1774 2892 1907 2956 Qute
1931 2891 1987 2943 in
2010 2892 2123 2961 ejus
2142 2892 2457 2963 interpretu-

1443 2971 1589 3024 tione
1618 2971 1721 3022 loci
1745 2969 2024 3022 Salmasius
2049 2971 2103 3022 in
2129 2971 2295 3024 Solin.
2333 2991 2456 3044 pag.

1452 3049 1553 3103 132
1572 3089 1588 3114 ,
1606 3050 1877 3120 σφαίῗματα
1888 3049 2197 3117 committit,
2220 3069 2319 3105 nec
2335 3070 2461 3106 enu-

1447 3146 1653 3181 merare
1688 3141 1833 3180 vacat
1853 3165 1869 3192 ,
1910 3147 2009 3181 nec
2052 3130 2311 3184 refellere.
2354 3132 2457 3186 Sed

1444 3225 1618 3278 neque
1652 3205 1860 3263 Isidoro
1900 3205 2083 3273 crede,
2110 3208 2259 3280 Orig.
2287 3211 2423 3264 xvl
2440 3247 2459 3274 ,

1447 3307 1513 3355 9,
1542 3287 1687 3338 bunc
1714 3285 1873 3338 Plinii
1908 3284 1975 3340 de
2005 3289 2257 3358 sapphiro
2282 3290 2459 3342 locum

1447 3384 1516 3418 ex
1543 3365 1839 3434 depravatis
1863 3367 2251 3436 exemplaribus
2270 3365 2464 3423 descri-

1446 3445 1613 3497 benti.
1648 3445 1831 3497 Haut).

1532 3529 1581 3586 4.
1620 3523 1830 3591 Optimos
1854 3524 1988 3594 apud
2018 3525 2204 3576 Medos.
2248 3525 2466 3579 Μαι-ΒΟ·

1449 3600 1598 3666 deus,
1616 3602 1707 3654 lib.
1734 3602 1800 3655 de
1828 3601 2012 3673 Lapid.
2038 3615 2169 3673 pret.
2190 3621 2306 3674 cap.
2336 3623 2465 3668 uu,

1453 3681 1521 3734 de
1539 3681 1819 3751 sapphiro:
1848 3699 1877 3723 “·
1898 3681 1999 3732 Hic
2019 3699 2234 3752 quoque
2260 3683 2467 3751 syrtites

1451 3761 1585 3831 lapis
1628 3778 1659 3812 a
1708 3759 1973 3832 plerisque
2012 3771 2229 3812 vocatur
2250 3797 2267 3822 ‚
2306 3761 2469 3826 Quod

1455 3842 1595 3893 circa
1614 3840 1793 3910 Syrtes
1809 3837 2023 3908 Libycis
2046 3839 2340 3907 permixtus
2358 3859 2474 3896 are-

1456 3919 1571 3984 nis,
1609 3917 1879 3973 Fluctibus
1916 3917 2227 3987 expulsus...
2250 3917 2351 3972 llle
2380 3917 2473 3973 sed

355 4015 628 4068 nunquam
657 3999 966 4071 sapphirum
991 3997 1218 4052 mixtum
1247 4015 1372 4050 cum
1459 3998 1693 4069 optimus
1733 4010 1835 4062 est,
1876 4014 2035 4067 quem
2077 3998 2230 4051 tellus
2268 3999 2478 4056 Medica

503 4096 624 4164 IX.

2098 4096 2181 4180 [μ

2298 379 2431 467 641
2540 387 2557 406 ⁸
