2975 4684
553 328 694 419 460
1091 332 1168 397 C.
1219 328 1543 398 PLINII
1590 322 1799 391 NAT.
1852 318 2097 386 HIST.

655 466 932 535 Invenio
961 477 1028 531 et
1061 460 1438 529 Canachum
1479 436 1879 523 laudatum⁶⁶
1922 453 2094 519 inter
2130 452 2517 537 statuarioS,
2562 452 2655 523 fe-

555 574 714 643 cisse
753 590 1138 637 marmorea.
1182 567 1320 633 Nec
1351 564 1605 630 Sauron
1652 572 1847 651 atque
1879 556 2281 626 Batrachum
2322 556 2658 628 obliterari

456 665 458 668 ⁵
553 674 887 758 convenit,
923 673 1034 764 qui
1061 671 1270 739 fecere
1305 662 1551 759 templa
1568 649 1619 705 ⁶⁷
1646 664 1940 733 Octaviae
1967 663 2328 755 porticibus
2368 664 2655 750 inclusa,

549 780 810 857 natione
839 778 962 871 ipsi
983 779 1289 861 Lacones.
1311 768 1601 859 Quidam
1626 784 1694 839 et
1716 770 1953 863 opibus
1979 784 2420 865 praepotentes
2453 771 2655 841 fuisse

547 908 656 953 eos
689 896 958 976 putant,
1017 903 1094 948 ac
1134 900 1248 946 sua
1286 876 1585 971 impensa
1636 876 2117 962 construxisse,
2162 878 2657 971 inscriptionem

543 1002 898 1082 sperantes.
929 986 1081 1074 Qua
1105 996 1381 1077 negata,
1408 982 1541 1051 hoc
1570 996 1789 1053 tamen
1816 981 1944 1051 alio
1970 979 2119 1052 loco
2146 996 2214 1051 et
2244 983 2446 1053 modo
2476 1008 2660 1052 usur-

543 1118 746 1189 passe.
791 1095 960 1163 Sunt
997 1102 1172 1158 certe
1213 1089 1577 1158 etiamnum
1625 1090 1694 1158 in
1737 1086 2194 1175 columnarum
2244 1091 2436 1184 spiris
2452 1075 2505 1113 ⁶⁸
2556 1090 2655 1158 in-

543 1198 790 1294 scalpta
813 1196 1150 1265 nominum
1173 1218 1404 1263 eorum
1424 1210 1815 1290 argumenta
1814 1180 2160 1279 ⁶⁹,lacerta
2192 1194 2441 1289 atque⁷⁰
2470 1219 2648 1263 rana.

543 1310 622 1375 In
641 1306 818 1375 Iovis
839 1300 972 1369 aede
993 1300 1313 1369 exstitisse
1331 1302 1694 1395 picturam,
1710 1299 2055 1396 cultusque
2068 1299 2405 1396 reliquos⁷¹
2426 1325 2656 1371 omnes

545 1409 832 1481 femineis
884 1408 1290 1501 argumentis
1335 1423 1613 1478 constat.
1664 1410 1927 1479 Etenim
1978 1407 2152 1476 facta
2200 1408 2475 1477 Junonis
2516 1407 2657 1477 aede

542 1540 740 1611 quum
777 1510 1180 1582 inferrentur
1223 1516 1447 1609 signa,
1492 1530 1901 1611 permutasse
1951 1511 2160 1607 geruli
2178 1512 2227 1556 ⁷²
2272 1513 2653 1582 traduntur:

540 1636 605 1691 et
645 1619 713 1687 id
754 1616 1069 1714 religione
1129 1620 1531 1691 custoditum
1554 1674 1573 1707 ‚
1641 1620 1824 1690 velut
1874 1620 2033 1715 ipsis
2090 1622 2237 1689 Diis
2294 1619 2512 1689 sedem
2568 1620 2657 1688 ita

536 1725 809 1821 partitis.
847 1727 1038 1820 Ergo
1074 1741 1140 1798 et
1167 1729 1235 1796 in
1269 1729 1547 1797 Junonis
1582 1727 1720 1798 aede
1750 1725 1965 1798 cultus
1996 1740 2127 1813 est,
2160 1727 2275 1820 qui
2300 1728 2482 1797 Iovis
2517 1750 2659 1795 esse

533 1831 832 1901 debebat.

433 1959 496 2009 ²9
637 1940 808 2006 Sunt
841 1952 908 2006 et
937 1938 1003 2005 in
1024 1940 1261 2059 ’parvis
1291 1940 1675 2007 marmoreis
1707 1938 1948 2006 famam
1987 1939 2419 2047 consequuti,
2469 1940 2657 2032 Myr-

533 2030 875 2113 mecides⁷³
880 2096 898 2127 ‚
935 2045 1122 2137 cujus
1157 2044 1545 2138 quadrigam
1592 2068 1744 2112 cum
1784 2034 2105 2137 agitatore
2148 2044 2495 2136 cooperuit
2538 2042 2660 2113 alis

613 2218 705 2270 66.
719 2217 1007 2269 laudatum.
1027 2216 1147 2267 Lib.
1169 2215 1428 2278 XXXIV,
1457 2235 1547 2285 19.

613 2300 707 2366 67.
741 2296 1009 2366 Quifecere
1037 2295 1226 2364 templa.
1249 2295 1476 2349 Junonis
1498 2309 1553 2351 et

535 2375 818 2446 Apollinis,
846 2387 906 2427 ut
931 2374 1058 2427 alibi
1089 2372 1343 2427 diximus.
1371 2373 1444 2427 Η.
1469 2410 1551 2421 -...

1720 2233 1814 2285 70·
1865 2216 2071 2267 Laese-ta
2118 2227 2259 2287 atque
2290 2236 2427 2269 mna.
2455 2217 2665 2289 Nempe

1637 2296 1881 2349 lacertam
1907 2294 2079 2349 Groci
2100 2300 2273 2367 σαῦρον
2302 2310 2352 2348 et
2368 2302 2550 2367 σαῦραν
2568 2316 2665 2350 vo-

1640 2388 1789 2428 cant:
1812 2376 2060 2446 βάτραχσν
2088 2394 2289 2429 ranam.
2320 2376 2501 2430 Halm.

533 2454 740 2508 Saumn.
764 2455 907 2505 Brot.
933 2452 1138 2506 Sauram
1152 2474 1172 2515 ,·
1197 2468 1250 2508 et
1273 2455 1436 2524 paulo
1465 2458 1551 2509 in-

534 2535 610 2587 fra
627 2573 643 2597 ‚
661 2534 760 2586 αἱὶο
779 2532 920 2585 modo
940 2552 1192 2603 usurpasse
1203 2552 1224 2597 ,-
1255 2533 1338 2586 his
1353 2554 1552 2607 nempe

533 2613 758 2669 vocibus
779 2613 885 2665 loco
909 2626 960 2665 et
979 2613 1201 2667 omissis.
1223 2614 1324 2666 En.

615 2694 710 2748 68.
738 2694 801 2745 In
831 2694 1151 2746 columnarum
1191 2696 1351 2764 spiris.
1394 2694 1553 2748 Dice·-

533 2790 652 2825 mus
682 2771 750 2824 de
782 2772 866 2825 his
885 2792 1000 2845 cap.
1033 2772 1126 2825 ⁵6.
1169 2774 1353 2826 Han.
1380 2806 1459 2817 —-
1492 2776 1553 2827 In

534 2851 856 2905 columnarum
865 2857 1009 2924 spiris
1031 2852 1283 2923 insculpta.
1299 2852 1557 2911 C1.Win·

535 2932 907 2995 ckelmannus,
935 2932 1234 2986 Monumenti
1259 2934 1445 2987 maida
1475 2937 1551 2986 ἰη-

535 3012 676 3073 editi,
715 3024 842 3065 tom.
872 3014 960 3075 11,
1001 3030 1121 3081 pag.
1161 3016 1301 3083 269,
1341 3014 1555 3065 exhibet

535 3108 687 3144 num.
719 3094 826 3144 206
858 3091 1166 3162 capitellum
1191 3092 1436 3145 Ionicum
1461 3110 1552 3145 co·

535 3169 734 3222 lumnae
751 3169 896 3241 quod
923 3169 1098 3224 adhuc
1115 3185 1284 3225 exstat
1299 3172 1479 3225 Roma!
1498 3172 1555 3224 in

536 3249 739 3321 templo
757 3248 866 3303 divi
887 3250 1158 3305 Laurentii
1181 3265 1329 3305 extra
1353 3268 1553 3303 muros.

537 3330 602 3381 In
648 3331 766 3399 ejus
796 3330 992 3384 volutis
1033 3330 1214 3384 videre
1245 3343 1321 3383 est
1348 3347 1412 3382 ex
1451 3348 1556 3383 una

535 3421 686 3479 parte
725 3428 906 3463 ranam
951 3411 1206 3465 inversam
1225 3449 1240 3474 ,
1281 3428 1347 3461 ex
1391 3409 1557 3463 altera

536 3487 802 3543 lacertam.
842 3490 982 3543 Male
1009 3508 1136 3561 ergo
1175 3488 1288 3541 MS.
1323 3489 1452 3559 neg.
1485 3488 1516 3542 ⁵
1535 3528 1550 3551 ‚

537 3567 666 3621 edit.
711 3569 886 3639 princ.
915 3583 967 3623 et
993 3570 1075 3623 Cl.
1113 3567 1436 3620 Rezzonicus
1461 3568 1558 3621 ha-

537 3646 666 3702 bent
679 3688 695 3715 ,
727 3651 960 3722 epistyliis
1003 3648 1255 3717 insculpta.
1293 3646 1556 3719 Epiatylia

538 3728 680 3781 enim
718 3743 841 3782 aunt
869 3730 935 3781 les
959 3728 1246 3779 archiv-aves
1263 3766 1277 3789 ,
1308 3744 1418 3779 non
1444 3728 1557 3798 ipsa

539 3808 907 3863 columnarum
933 3805 1192 3877 capitella.
1218 3807 1387 3858 Bnor.

1722 2473 1753 2525 7
1767 2474 1789 2508 ι
1806 2492 1818 2505 .
1854 2454 2115 2527 Cultu-sque
2160 2456 2377 2527 reliquos.
2422 2458 2578 2526 Signa
2610 2468 2664 2509 et

1639 2552 1849 2588 ararum
1862 2547 2107 2593 ornatus,
2126 2549 2245 2604 quae
2265 2535 2422 2587 saeris
2442 2533 2665 2587 dearum

1639 2615 1956 2668 cerimoniis
1976 2614 2143 2684 magis
2160 2626 2530 2683 congruerent.
2564 2614 2629 2667 Η.

1728 2712 1761 2763 7
1774 2716 1823 2747 α.
1850 2693 2153 2745 Per-meetasse
2184 2694 2345 2762 geruli
2388 2692 2664 2748 traduntur.

1639 2774 1769 2840 Quoe
1790 2773 1824 2823 J
1828 2772 1938 2825 ovis
1969 2773 2171 2841 templo
2202 2770 2462 2827 destinata
2482 2784 2631 2826 erant
2648 2812 2664 2839 ‚

1640 2853 1697 2904 in
1722 2852 1756 2903 J
1762 2850 1955 2904 unonis
1990 2850 2103 2905 oede
2144 2853 2382 2923 posuisse
2402 2892 2416 2914 ,
2452 2865 2508 2905 et
2546 2852 2664 2905 vice

1641 2948 1803 2983 versa.
1829 2931 2222 2987 H.—Deh.ebnt.
2246 2934 2335 2987 ΒΓ.
2350 2932 2533 2985 debias.
2552 2932 2661 2985 En.

1722 3010 1822 3080 73.
1854 3011 2188 3083 Myrmecides.
2218 3011 2369 3065 Idem
2398 3012 2559 3065 refert
2571 3014 2667 3063 ,13-

1639 3089 1839 3155 lianns,
1872 3091 2006 3145 Var.
2032 3092 2233 3145 Histor.
2274 3093 2369 3144 lib.
2406 3092 2459 3156 1,
2492 3090 2587 3163 qui
2610 3102 2669 3143 et

1643 3166 1790 3222 addit
1834 3170 2125 3242 elegiacum
2176 3170 2444 3225 distichon
2494 3171 2667 3223 aurei·

1643 3248 1833 3302 litteris
1859 3251 2115 3322 scriptum
2154 3250 2315 3303 fuisse
2357 3250 2416 3301 in
2464 3250 2669 3302 semine

1644 3330 1858 3393 sesami,
1892 3330 1996 3383 lib.
2032 3330 2175 3390 vn,
2209 3347 2325 3399 cap.
2370 3346 2459 3380 αι.
2510 3327 2665 3381 Idem

1643 3408 1998 3481 Myrmecides
2025 3425 2215 3460 navem
2239 3406 2525 3461 fabricatus
2548 3420 2628 3462 est
2643 3446 2661 3470 ,

1644 3506 1809 3559 quam
1844 3488 2049 3559 apicula
2077 3487 2259 3560 pinnis
2290 3484 2666 3541 absconderet.

1642 3568 1841 3629 varro,
1872 3568 1967 3623 lib.
1993 3568 2075 3620 Vl
2100 3566 2168 3619 de
2202 3567 2408 3638 Lingua
2442 3566 2629 3619 Latina
2651 3588 2667 3619 z

1652 3647 1892 3701 «Etenim
1922 3648 2127 3701 facilius
2142 3648 2421 3703 obscuram
2446 3664 2669 3716 operam

1646 3726 1991 3798 Myrmecidis
2010 3746 2073 3781 ex
2090 3727 2253 3780 ebore
2274 3726 2414 3779 oculi
2431 3726 2671 3789 videant.

1650 3808 1693 3860 si
1714 3807 2040 3861 extrinsecus
2058 3805 2375 3860 admoveant
2398 3806 2577 3875 nigras
2594 3822 2673 3857 ae-

621 3892 718 3957 69.
735 3888 1058 3955 Argumenta.
1079 3885 1247 3941 Gron.
1265 3898 1321 3939 et
1337 3884 1423 3941 Al.
1439 3901 1563 3941 ante
1652 3900 1747 3940 tas.
1764 3912 1789 3933 ι
1819 3886 2071 3941 Hadrian.
2094 3886 2223 3936 Jun.
2242 3884 2447 3947 lih.v1,
2472 3902 2589 3954 cap.
2614 3890 2671 3947 4.

539 3964 708 4019 Hard.
730 3978 1030 4035 argumento.
1049 3964 1154 4019 En.

1652 3968 1859 4020 Dauo.
1884 3998 1965 4011 --
1979 3964 2311 4035 Myrmecides.
2338 3964 2408 4020 Et
2427 3963 2583 4017 aliam
2604 3982 2671 4021 ex
