2975 4684
447 385 589 474 354

442 505 795 592 subsidio⁸³

981 391 1055 457 C.
1112 387 1449 458 PLINII
1501 389 1718 458 NAT.
1773 391 2021 459 HIST.

852 517 1102 610 injuriae
1146 535 1211 590 et
1267 521 1639 605 vetustatiS,
1681 535 1757 588 ut
1813 520 2173 592 decedente
2229 527 2565 619 superiore

355 697 359 700 ,
440 628 709 698 inferior
741 623 1141 693 succederet.
1177 627 1349 694 Est'
1334 651 1399 692 in
1432 649 1512 694 ea
1549 626 1730 694 canis
1769 629 1934 695 mire
1972 627 2221 713 factm,
2265 646 2339 699 ut
2365 657 2562 724 quem

438 735 679 826 pariter
726 753 916 798 casus
954 717 1331 825 pinxerit‘u.

1392 732 1547 798 Non
1583 730 1925 823 judicabat
1967 759 2036 804 se
2082 738 2448 830 exprimere
2493 739 2563 806 in

433 863 511 906 eo
546 859 845 928 spumam
878 836 1244 906 anhelantis
1273 861 1464 929 posse
1480 822 1554 922 ⁸⁵,
1574 861 1776 929 quum
1800 840 1866 906 in
1895 839 2144 934 reliqua
2175 843 2352 910 omni
2376 858 2562 936 parte

333 961 397 1026 39
434 937 646 1036 (quod
669 939 1126 1011 difficillimum
1152 931 1333 1032 erat)
1362 942 1530 1010 sibi
1512 967 1651 1037 ipse
1685 943 2123 1022 satisfecisset.
2155 947 2562 1042 Displicebat

430 1061 651 1116 autem
696 1071 803 1116 ars
843 1049 1019 1142 ipsa,
1058 1073 1180 1117 nec
1227 1049 1431 1116 minui
1483 1063 1788 1143 poterat,
1831 1063 1898 1117 et
1941 1052 2288 1121 videbatur
2323 1055 2558 1140 nimia,

430 1251 653 1306 stodiam
702 1251 1109 1323 praestantibus,
1156 1267 1337 1303 recens
1375 1263 1455 1304 ta-

428 1333 555 1386 bula
582 1331 737 1383 facile
758 1330 969 1400 effugit3
987 1328 1054 1381 ab
1087 1340 1236 1382 oetate
1263 1329 1453 1382 vitium

429 1431 541 1466 non
562 1411 769 1474 metuit,
782 1407 923 1462 haud
952 1408 1021 1460 ita
1039 1420 1151 1461 tuta
1173 1409 1239 1460 ab
1264 1427 1452 1480 sequu-

429 1506 547 1546 tura
556 1489 767 1561 injuria,
776 1505 941 1560 quum
955 1500 1079 1558 post
1088 1489 1299 1558 longam
1310 1486 1453 1542 diem

413 1558 661 1625 'securius
672 1569 923 1632 habetur,
941 1567 1008 1619 ab
1020 1581 1308 1640 sequutum
1321 1569 1425 1622 situ
1440 1590 1453 1621 ι

430 1663 483 1705 et
509 1652 619 1703 hoec
648 1658 799 1712 sunt,
837 1673 859 1694 κ
896 1646 1131 1700 subsidia
1165 1648 1373 1718 injuriae
1404 1660 1457 1700 et

432 1727 721 1784 vetustatis.
743 1752 764 1772 ι
792 1726 848 1780 Si
868 1739 1044 1780 tamen
1062 1726 1117 1780 id
1134 1725 1331 1779 durum
1349 1730 1458 1781 cui·

432 1827 591 1881 quum
615 1803 881 1872 videatur,
896 1825 1175 1877 possumus
1194 1807 1453 1860 scribere:

434 1911 455 1932 ε
481 1891 665 1942 eon'tm
689 1884 895 1939 obsidia
928 1885 1136 1956 injuriae
1158 1896 1211 1936 et
1227 1899 1454 1938 vetusta·

434 1967 513 2020 tis.
552 1993 573 2014 ι-
602 1966 689 2018 Sic
722 1965 1015 2018 Columella
1032 2003 1049 2028 ‚
1072 1966 1154 2026 11,
1176 1965 1208 2016 8
1234 1985 1248 2014 2
1276 1990 1297 2012 ι
1324 1962 1451 2017 dum

430 2060 605 2102 tamen
646 2064 777 2097 anus
809 2041 991 2096 sedula
1029 2043 1113 2095 vel
1140 2061 1275 2111 puer
1299 2042 1457 2095 adhi-

428 2127 618 2179 beatur
652 2137 826 2178 eustos
860 2123 1191 2192 vagantium,
1218 2138 1286 2172 ne
1312 2122 1455 2175 obsi·

433 2204 537 2258 diis
558 2204 835 2258 hominum
854 2198 1331 2254 autinsidiosorum
1349 2201 1457 2254 ani.

436 2286 655 2340 mulium
677 2282 1015 2353 diripiantur.
1046 2305 1067 2325 ι
1087 2279 1220 2331 Item
1240 2278 1333 2330 lib.
1355 2281 1454 2346 lx,

438 2385 471 2436 7
503 2385 518 2418 ε
554 2392 577 2414 «
617 2376 798 2416 contra
828 2359 1079 2412 fallaciam
1124 2358 1335 2421 lacerti,
1362 2361 1451 2430 qui

434 2447 581 2498 velut
604 2455 777 2495 custos
802 2438 1049 2491 vestibuli
1067 2435 1455 2528 prodeuntibus

435 2524 643 2576 inhians
671 2519 859 2591 apibus
888 2517 1043 2570 affert
1072 2517 1324 2580 exitium,
1357 2537 1455 2572 eae-

435 2621 539 2674 que
598 2598 875 2693 pauciores
935 2597 1232 2662 intereunt,
1285 2614 1453 2668 quum

434 2682 559 2735 licet
586 2680 751 2732 vitare
780 2675 942 2748 pestis
961 2674 1165 2728 obsidia
1189 2693 1287 2745 per
1307 2673 1453 2728 uliud

433 2759 749 2814 vadentibus
780 2755 1112 2826 effugium.-
1091 2753 1349 2807 »Eodem
1388 2755 1451 2807 li

434 2840 565 2896 bro,
596 2857 716 2908 cap.
745 2855 829 2905 9·
818 2874 829 2886 .
874 2835 1029 2888 enisi
1058 2833 1315 2888 curatoris
1357 2836 1454 2887 ob-

434 2918 571 2972 sidio
599 2917 847 2990 protinus
878 2913 1081 2984 excepti
1108 2926 1267 2978 sunt,
1296 2909 1455 2965 diffu-

431 3000 602 3069 giunt.
661 3022 684 3046 ι
739 2995 849 3046 Nec
910 2993 1128 3048 minoris
1186 2992 1455 3062 elegantia

432 3077 619 3130 obsidio
642 3072 784 3146 apud
815 3073 1089 3136 Plautum,
1112 3072 1421 3126 Ciceronem
1439 3111 1456 3137 ,

434 3156 689 3208 Plinium.
748 3153 855 3206 Iste
917 3151 1131 3205 Asinar.
1190 3163 1291 3204 act.
1348 3153 1405 3204 11
1431 3190 1447 3213 ‚

432 3255 578 3289 scen.
617 3252 701 3298 ιι,
749 3250 884 3284 vers.
926 3238 993 3293 14
1031 3251 1044 3282 z
1097 3257 1119 3278 ιι
1148 3231 1345 3283 Herum
1398 3231 1453 3282 in

432 3313 709 3368 obsidione
750 3310 993 3381 linquet,
1034 3309 1305 3362 inimicum
1346 3309 1454 3362 nni·

434 3413 551 3446 mon
576 3389 795 3446 auxerit.
822 3416 845 3435 ι·
876 3389 1025 3441 Alter
1055 3389 1223 3459 Epist.
1255 3386 1320 3440 ad
1356 3389 1455 3440 Fa-

436 3473 630 3526 miliar.
650 3471 873 3531 lib.vl‚
898 3487 951 3519 n.
982 3467 1012 3520 5
1042 3488 1053 3519 :
1088 3493 1110 3514 ιι
1140 3485 1239 3520 nec
1266 3480 1454 3536 putant

370 3549 381 3552 ’
434 3553 487 3606 ei
522 3569 767 3606 nummos
805 3545 983 3600 deesse
1030 3563 1213 3616 posse,
1258 3546 1351 3615 qui
1389 3565 1450 3598 ex

433 3631 711 3686 obsidione
743 3629 1082 3682 foeneratore·
1117 3625 1389 3678 exemerit.
1423 3651 1444 3671 1.

432 3713 647 3766 Tertius
680 3711 737 3762 in
764 3707 955 3776 Paneg.
995 3731 1019 3754 ι
1047 3723 1145 3756 nec
1184 3702 1452 3757 mediocre

432 3793 577 3862 paci·
632 3787 793 3843 decus
853 3785 1146 3838 habebatur
1209 3784 1455 3837 submota

433 3870 633 3942 campis
660 3867 886 3938 irruptio
926 3866 1178 3924 ferarum,
1218 3875 1271 3916 et
1312 3863 1454 3916 obsi-

432 3948 593 4002 dione
618 3946 846 4020 quadam
892 3945 1143 3998 liberatus
1175 3942 1455 4014 agrestium

430 4026 597 4080 labor.
634 4054 655 4076 ι
698 4026 881 4078 Giton.
912 4055 985 4066 -—
1029 4024 1213 4093 Quater
1252 4022 1453 4075 colorem

1541 1253 1748 1306 induxit.
1778 1251 2078 1306 Hodiernos
2097 1292 2112 1319 ‚
2135 1253 2316 1319 credo,
2335 1255 2564 1326 pictores

1539 1332 1663 1386 latet
1713 1333 1816 1385 hoe
1867 1332 2169 1386 artificium.
2207 1333 2278 1386 Η.
2315 1365 2396 1376 —
2429 1335 2563 1388 Huic

1535 1415 1747 1480 ρίστων-ω
1783 1424 1952 1483 quater
1987 1415 2189 1466 colorem
2235 1413 2440 1464 induxit.
2487 1415 2564 1466 Ut

1540 1490 1740 1544 diutius
1779 1505 2111 1546 servarentur
2147 1492 2370 1556 tabulae,
2397 1493 2566 1562 viguit

1542 1571 1599 1622 in
1625 1569 1846 1624 Oriente
1874 1572 2052 1624 multis
2072 1572 2232 1625 etiam
2257 1583 2376 1642 post
2397 1589 2562 1624 sacn-

1541 1650 1607 1702 lis
1651 1651 1742 1703 ille
1785 1669 1936 1714 usus,
1987 1669 2146 1721 quem
2195 1669 2291 1704 nos
2336 1650 2564 1705 docuere

1539 1741 1766 1799 repertae
1811 1730 1864 1781 in
1893 1730 2269 1801 antiquissimis
2311 1729 2564 1784 Christia-

1543 1827 1736 1860 norum
1792 1809 1998 1879 templis
2053 1811 2206 1879 pictae
2259 1821 2564 1862 sanctorum

1540 1887 1794 1956 imagines
1844 1887 2172 1958 tabulaeque,
2215 1907 2274 1940 ea
2324 1902 2434 1942 arte
2477 1889 2562 1942 his

1539 1978 1726 2036 terque
1769 1965 2024 2035 repetitae.
2067 1967 2174 2030 Qui
2223 1985 2310 2020 eas
2352 1965 2561 2031 videre,

1540 2056 1600 2096 ut
1639 2043 1819 2114 accepi
1845 2044 1914 2096 ab
1942 2061 2126 2096 eorum
2168 2045 2432 2115 epistolis,
2462 2043 2560 2098 do-

1539 2133 1658 2176 cent
1687 2121 1907 2176 inducto
1935 2125 2156 2176 tectorio
2179 2123 2372 2192 pictam
2400 2123 2560 2176 fuisse

1540 2202 1772 2254 tabulam
1813 2219 1827 2253 ε
1871 2220 2028 2272 super
2073 2203 2268 2272 pictam
2325 2203 2557 2255 tabulam

1538 2280 1814 2333 inductum
1834 2280 1989 2332 fuisse
2011 2280 2234 2350 alterum
2255 2282 2560 2340 tectorium,

1540 2373 1593 2414 et
1637 2360 1829 2413 iterum
1863 2360 2058 2429 pictam
2092 2359 2250 2413 fuisse
2278 2361 2509 2414 tabulam
2546 2381 2558 2413 :

1539 2439 1614 2491 sic
1657 2439 1812 2491 etiam
1845 2439 2000 2493 tertio
2029 2439 2338 2509 repetitam:
2375 2441 2560 2494 Proto-

1539 2535 1696 2589 genes
1733 2517 1891 2570 etiam
1933 2531 1986 2570 et
2027 2532 2234 2590 quarto.
2277 2521 2356 2572 Ex
2412 2519 2558 2572 Brot.

1539 2609 1676 2650 nott.
1709 2595 1776 2649 ad
1803 2597 1945 2650 hunc
1969 2598 2062 2651 lib.
2087 2599 2195 2650 En.

1623 2675 1716 2731 83.
1745 2675 1985 2728 Subsidio.
2011 2675 2260 2730 Subsidio
2277 2690 2458 2732 contra
2481 2679 2561 2730 in·

1535 2756 1728 2826 jurium
1773 2757 2058 2809 vetustatis.
2115 2754 2182 2808 H.
2227 2788 2307 2798 --
2338 2757 2564 2810 Subsidio

1542 2837 1764 2904 ae'njure'oe,
1807 2848 1908 2887 etc.
1948 2836 2101 2890 MSS.
2140 2847 2270 2889 vett.
2315 2850 2369 2890 et
2398 2835 2562 2892 editio

1541 2914 1814 2986 princeps,
1840 2927 2006 2966 contra
2036 2915 2279 2981 subsidia,
2319 2929 2418 2970 etc.
2447 2917 2561 2970 sine
2627 2965 2634 2972 .

1541 2993 1653 3046 ullo
1685 2993 1795 3048 fere
1829 3012 2000 3047 sensu.
2029 2997 2178 3049 Brot.
2211 2995 2402 3049 omissa
2429 3014 2559 3066 prae-

1539 3072 1836 3144 positione,
1855 3075 2067 3126 subsidia
2087 3077 2275 3143 injure'oe
2288 3113 2304 3138 ‚
2331 3087 2434 3128 etc.
2454 3077 2558 3127 En.

1623 3155 1714 3216 84.
1764 3153 1832 3204 Ut
1878 3173 2014 3223 quem
2049 3157 2235 3224 pariter
2275 3173 2412 3204 casus
2451 3159 2560 3222 pin·

1540 3234 1680 3284 merit.
1733 3231 1870 3284 Cum
1935 3245 2076 3296 arte,
2123 3232 2207 3284 vel
2255 3249 2376 3283 cum
2429 3231 2555 3282 arti-

1542 3309 1659 3362 fice.
1688 3309 1751 3361 In
1773 3310 1922 3374 libris
1942 3313 2194 3364 hactenus
2215 3309 2372 3362 editis
2386 3348 2402 3376 ,
2423 3329 2559 3360 casus

1539 3401 1588 3440 et
1623 3408 1720 3442 ars.
1749 3388 1856 3442 Sed
1886 3391 1976 3443 has
2004 3408 2160 3442 voces
2194 3401 2242 3440 et
2283 3408 2362 3440 ars
2399 3389 2557 3441 MSS,

1540 3486 1724 3522 omnes
1769 3487 1866 3539 pro
1916 3467 2095 3521 nothis
2139 3469 2352 3520 habent.
2383 3467 2450 3520 H.
2481 3501 2559 3510 --

1541 3548 1686 3600 Brot.
1709 3567 1924 3620 quoque
1945 3567 2030 3600 eas
2053 3565 2212 3601 voces
2233 3545 2392 3600 delet.
2425 3547 2528 3600 En.

1622 3627 1714 3682 85.
1743 3629 2027 3700 Exprimere
2058 3632 2108 3680 in
2138 3648 2193 3680 eo
2221 3645 2432 3696 spumam
2473 3646 2562 3678 an-

1542 3707 1744 3758 loelantis
1767 3727 1923 3777 posse.
1965 3707 2113 3761 Brot.
2161 3719 2282 3778 post
2321 3705 2558 3758 Gronov.

1543 3804 1605 3838 ex
1629 3785 1786 3840 codd.
1812 3789 1974 3859 Regg.
1999 3787 2220 3858 aliisque
2247 3799 2300 3839 et
2327 3783 2562 3838 editione

1544 3867 1786 3936 principe
1829 3868 2074 3920 ultimum
2119 3866 2262 3920 delet
2303 3867 2558 3928 verbum,

1544 3944 1689 4015 quod
1725 3946 1877 3999 nohis
1919 3965 2038 3999 sane
2067 3944 2393 4018 superfluere
2434 3964 2563 4000 con-

1545 4035 1660 4076 stat.
1695 4023 1799 4075 En.
