2975 4684
779 403 1093 471 LIBER
1143 400 1518 473 XXXVI.

2076 398 2215 470 523

250 556 376 601 rum
410 533 712 627 tertioque
745 532 815 603 in
851 532 1044 603 melle
1060 586 1078 614 ‚
1117 533 1332 603 donec
1360 544 1789 603 consumatur
1824 527 2039 624 liquor
2072 556 2089 600 z
2128 534 2219 604 ab

251 665 276 707 s
310 663 497 733 pruna
533 640 748 732 priuS,
783 638 933 707 dein
983 638 1214 724 melle,
1257 654 1324 707 et
1359 653 1587 733 postea
1630 635 1958 723 lavantur,
1998 653 2075 707 ut
2106 664 2213 709 aes.

249 770 310 811 us
339 770 540 813 eorum
570 746 637 813 in
667 745 992 815 medicina
1009 744 1052 769 ¹¹
1097 745 1536 829 excalfacere,
1564 744 1831 829 siccare,
1861 743 2215 832 discutere,

250 876 456 919 norem
481 864 860 939 extenuare,
883 850 1156 921 duritias
1181 852 1416 921 nimias
1444 847 1777 919 mollire¹².

1816 852 2113 919 Utuntur
2146 866 2215 920 et
2252 881 2281 917 2

255 957 344 1025 dis
392 959 659 1051 tusisque
702 957 782 1026 ad
829 972 1112 1028 strumas
1151 973 1348 1052 atque
1393 954 1797 1026 furunculos.
1841 958 2213 1049 Pyritarum

249 1088 466 1131 imnum
492 1061 684 1157 aliqui
711 1088 916 1157 genus
952 1090 1160 1135 unum
1194 1048 1503 1133 faciunt¹³
1510 1116 1528 1150 ,
1566 1059 1923 1156 plurimum
1959 1061 2213 1133 habens

249 1170 318 1252 is,
347 1192 496 1261 quos
527 1170 714 1241 vivos
733 1168 1170 1264 appellamus'

1208 1224 1227 1257 ,
1253 1184 1320 1240 et
1345 1167 1893 1289 ponderosissimi
1922 1183 2095 1237 sunt.
2124 1170 2215 1237 Hi

251 1272 618 1343 loratoribus
646 1289 1016 1345 castrorum
1039 1277 1320 1345 maxime
1347 1274 1725 1361 necessarii,
1754 1274 1867 1365 qui
1891 1271 2079 1341 clavo
2106 1274 2213 1343 vel

253 1406 322 1447 ro
339 1379 540 1472 lapide
553 1402 844 1473 percussi
828 1379 1164 1449 scintillas
1182 1381 1414 1449 edunt:
1440 1404 1586 1474 quae
1600 1392 1887 1471 exceptae
1905 1377 2239 1513 sulphure

263 1484 468 1575 fungis
497 1483 724 1567 aridiS,
759 1483 862 1553 vel
891 1484 1095 1570 foliis,
1126 1485 1306 1553 dicto
1331 1484 1644 1553 celerius
1629 1508 1845 1577 ignem
1875 1470 2219 1553 tiahunt¹⁵.

249 1591 467 1656 (XXI.
528 1588 902 1657 Ostracitae¹
938 1589 1426 1659 similitudinem
1482 1604 1663 1658 testae
1706 1588 1973 1657 habent.
2034 1592 2213 1661 Usus
2255 1626 2279 1663 1

249 1784 288 1820 t.
322 1766 441 1819 Usus
462 1786 616 1819 eorum
647 1770 698 1819 in
722 1768 972 1825 medicina.
1001 1770 1129 1822 Dio-
1215 1774 1369 1840 ignem
1380 1771 1623 1843 praebent,
1654 1780 1715 1823 ut
1740 1768 1887 1824 editi.
1911 1771 2096 1841 Ignem
2121 1784 2227 1827 tra-.-

249 1886 253 1895 .
284 1846 384 1897 loc.
423 1846 510 1899 cit.
547 1846 762 1917 Δύναμιν
804 1844 864 1901 δὲ
891 1850 1006 1916 ·1χιι
1044 1867 1126 1901 κι-

251 1928 345 1986 {voc
384 1925 462 1978 καὶ
505 1928 632 1995 ὠμὸς
669 1930 986 1997 θερμαντικὴν
1027 1934 1123 1980 τῶν

249 2006 488 2057 :aestivi-mv
515 2008 624 2064 ταῖς
654 2006 818 2074 ὄψεσι,
845 2001 1128 2076 &incepit-:i-

249 2104 284 2135 rs
328 2086 408 2135 καὶ
448 2086 692 2142 πεπτικὴν
739 2086 1122 2155 σκληρωμάτων.

249 2183 254 2211 ι
277 2175 353 2215 est
377 2162 478 2215 usti
499 2160 765 2233 crudique
783 2165 1120 2231 excalfacere‚

252 2260 424 2311 rgere,
467 2242 692 2295 offusam
737 2244 904 2296 oculis
941 2242 1122 2313 caligi-

261 2338 584 2390 expurgare,
614 2320 836 2375 duritias
864 2336 918 2375 et
943 2321 1123 2375 discu-

272 2410 324 2449 et
351 2412 633 2452 maturare.
669 2426 692 2447 ι
728 2402 790 2453 Iu
818 2402 972 2455 MSS.
1000 2423 1022 2446 ο
1052 2402 1122 2453 Et

250 2478 320 2529 ias
354 2478 498 2530 iuius
527 2492 746 2532 vertere.
778 2505 801 2527 ι
829 2481 1017 2544 Forte,
1053 2485 1125 2533 in·

249 2555 427 2610 'heod.
456 2557 782 2625 Priscianus,
803 2560 897 2612 lib.
926 2561 972 2624 1,
993 2578 1040 2612 c.
1069 2580 1124 2629 9,

249 2635 293 2688 le
331 2636 665 2703 furunculis,
693 2639 938 2702 strumis,
974 2637 1125 2691 duri-

249 2735 292 2766 ie
313 2714 679 2769 maturandis
705 2718 890 2799 31100,
921 2718 1122 2788 inquit,

272 2795 492 2845 molaris
531 2796 686 2859 facit,
733 2808 879 2849 tusus
922 2808 974 2847 et
1017 2796 1125 2849 cri-

332 2884 426 2934 ,et
439 2874 628 2924 resina
645 2874 986 2925 commixtus.
1009 2874 1123 2930 ιΗ.

255 2988 266 2999 .
250 2890 374 2999 118Ει
403 2951 616 3001 duritias
638 2954 808 3005 nimias
833 2953 1032 3003 mollire.
1060 2953 1123 3007 In

249 3028 402 3098 apho
433 3041 624 3081 nostro
651 3048 664 3081 τ
691 3050 714 3074 α
741 3042 794 3084 et
819 3030 1040 3085 duritias
1063 3032 1122 3085 in

249 3120 445 3160 ertere.
487 3132 512 3155 ι
557 3107 908 3164 scribendum
946 3111 1119 3177 forte,

250 3210 252 3215 ⁸
273 3198 489 3240 vertere.
512 3187 676 3242 Plnr.

249 3308 258 3320 .
319 3268 616 3336 Pyr-iterum
663 3272 946 3321 etiamnum.-
971 3271 1124 3343 aliqui

259 3366 414 3399 unum
433 3349 656 3415 faciunt.
684 3346 944 3414 Isidorus,
969 3349 1120 3421 Orig.

249 3428 386 3490 ivl,
430 3444 553 3498 cap.
598 3434 650 3491 4.
682 3426 797 3483 Hoc
826 3430 1123 3501 pyritarum

255 3544 274 3567 ‚
323 3524 424 3558 seu
465 3506 816 3578 igniariorum
851 3507 1121 3579 lapidum,

273 3587 306 3636 ὰ
317 3587 422 3652 jeu
440 3625 458 3653 ,
485 3591 674 3657 pierres
699 3591 732 3639 ἃ
743 3589 900 3654 smil,
936 3588 1125 3659 vulgus

291 3664 448 3719 Vide
488 3666 850 3737 scaligerum,
895 3668 1123 3721 Exci-cit.

268 3764 328 3814 p.
362 3764 464 3815 77.
497 3746 686 3799 flauo.

279 3824 342 3873 V
337 3828 448 3876 ἰσω-
475 3826 792 3895 appellamus.
820 3824 1016 3896 Pyritae
1042 3825 1120 3879 illi

250 3917 602 3973 >uara-agate
620 3902 954 3978 pymmaqeoe),
965 3906 1122 3976 vulgo

249 4002 304 4032 re
328 3984 366 4033 ὰ
381 3983 544 4048 fusil-
564 3984 674 4038 En.

268 4062 460 4131 Ignem
487 4064 703 4117 mltum.
729 4064 816 4129 Sic
835 4063 986 4120 MSS.
1007 4084 1117 4120 non

1211 1850 1365 1914 here,
1405 1850 1533 1903 scite
1562 1848 1777 1914 dicitur,
1810 1868 1913 1919 pro
1950 1849 2225 1921 excipere,

1210 1930 1513 1999 concipere.
1544 1930 1629 1981 Sic
1660 1928 1757 1981 lib.
1790 1928 1928 1991 XII,
1961 1947 2074 2000 cap.
2111 1935 2180 1992 14
2208 1946 2223 1981 ε
2326 1942 2337 1957 ·

1211 2022 1236 2047 ‘²
1261 2008 1292 2059 J
1299 2008 1507 2077 uniperi
1531 2008 1705 2059 bacca·
1732 2007 1929 2078 piperis
1958 2008 2066 2059 vim
2091 2008 2228 2062 mire

1206 2086 1417 2141 trahere
1446 2111 1468 2132 ι
1500 2104 1561 2139 ac
1588 2088 1869 2139 transferre
1890 2085 1946 2137 in
1969 2104 2025 2138 se
2045 2083 2229 2138 dicun-

1208 2178 1313 2218 tur.
1343 2164 1509 2218 Libro
1533 2164 1641 2217 vn
1658 2200 1673 2227 ‚
1704 2184 1817 2237 cap.
1848 2164 1915 2217 15
1944 2182 1958 2217 ε
1984 2186 2005 2209 α
2034 2166 2229 2235 Dentes

1207 2243 1495 2299 candorem
1540 2244 1774 2297 trahunt.
1806 2268 1829 2292 ι
1863 2240 2039 2297 ¹Libro
2084 2244 2224 2308 XII,

1203 2342 1320 2394 cap.
1345 2342 1447 2393 27:
1471 2350 1495 2371 ι
1512 2324 1755 2377 celeriter
1768 2324 1926 2377 situm
1944 2322 2179 2388 trahens,
2198 2320 2227 2370 2'

1203 2402 1308 2455 hoc
1336 2416 1444 2467 est,
1476 2404 1813 2456 contrahens.
1846 2402 1915 2455 Et
1948 2402 2043 2454 lib.
2071 2402 2225 2475 xlv,

1206 2500 1323 2552 cap.
1349 2501 1416 2551 ²7
1443 2502 1456 2533 :
1492 2506 1515 2529 ι
1546 2482 1729 2535 vinum
1759 2480 1980 2535 odorem
2006 2480 2229 2535 trahit&

1206 2561 1515 2629 Iterumque
1536 2578 1651 2632 cap.
1674 2581 1768 2629 19,
1790 2580 1938 2614 num.
1962 2561 1993 2614 5
2016 2582 2029 2613 ε
2050 2584 2071 2604 ι
2089 2560 2228 2613 Mira

1204 2638 1394 2691 vitium
1421 2651 1634 2704 natura,
1657 2658 1899 2710 saporem
1922 2639 2149 2692 alienum
2169 2640 2227 2693 in

1205 2734 1260 2771 sc
1282 2710 1547 2769 trahendi.
1574 2744 1597 2765 ι
1622 2718 1779 2771 Plura
1800 2718 1923 2771 vide
1946 2720 2001 2771 in
2022 2718 2228 2775 Indice.

1285 2796 1488 2849 XXXI.
1546 2814 1596 2849 1.
1650 2798 1929 2849 Ostracitoe.
1983 2789 2225 2868 ὀςτρίτην

1204 2886 1358 2929 vocat
1381 2874 1629 2945 Orpheus
1654 2876 1746 2929 lib.
1775 2876 1883 2947 περὶ
1900 2876 2061 2928 λίθων.
2084 2878 2225 2931 Du..

1205 2986 1284 2997 --
1316 2956 1593 3007 Ostmcitoe.
1625 2954 1877 3008 Totidem
1902 2954 2080 3007 verbis
2100 2954 2228 3007 Dio-

1207 3033 1470 3098 scorides,
1510 3034 1603 3086 lib.
1638 3036 1713 3100 V,
1751 3053 1866 3106 cap.
1899 3034 2005 3087 165
2040 3052 2054 3087 :
2085 3037 2225 3097 Δὶθος

1204 3114 1462 3183 &epate-nc
1505 3114 1664 3183 ὅμοιός
1700 3117 1799 3174 lew
1837 3115 2059 3185 ὀςράκῳ,
2091 3122 2226 3167 πλα-

1203 3188 1368 3253 κώδης
1399 3192 1481 3244 καὶ
1520 3194 1766 3260 ιῦσχιςος,
1802 3186 1839 3259 ᾧ
1872 3200 2085 3264 χρῶνται
2113 3194 2224 3248 ἀντὶ

1205 3272 1468 3341 accipio<
1508 3272 1625 3341 πρὸς
1672 3279 1843 3343 τριχῶν
1877 3276 2011 3345 ἄρσιν
2044 3274 2094 3327 αἱ
2134 3294 2224 3343 γυ-

1204 3354 1387 3412 ναῖκες.
1416 3376 1439 3399 ι
1479 3350 1763 3405 ostracites
1795 3364 1935 3407 testas
1975 3352 2221 3406 similitu-

1206 3428 1383 3483 dinem
1404 3430 1594 3496 habet,
1612 3445 1899 3499 crustosus,
1923 3446 1976 3486 et
1994 3432 2049 3485 in
2077 3428 2223 3481 lami-

1203 3527 1297 3563 nas
1323 3510 1521 3575 fissilis,
1566 3528 1675 3582 quo
1712 3512 1958 3566 mulieres
1993 3508 2058 3561 ad
2082 3507 2220 3579 pilos

1203 3588 1529 3672 amovendos
1554 3610 1656 3661 pro
1682 3592 1895 3663 pumice
1922 3599 2161 3640 utuntur.

1204 3652 1429 3739 &epum
1459 3669 1661 3725 Graecis
1682 3683 1813 3726 testa
1828 3666 2041 3721 dicitur
2060 3662 2126 3717 H.
2142 3696 2221 3706 —-

1210 3749 1488 3802 Ostracitoe.
1541 3748 1851 3809 ostracites,
1920 3746 2213 3809 Posti-acite,

1206 3828 1228 3879 l
1233 3829 1400 3881 'haim
1419 3828 1651 3900 pe'trefie'e.
1682 3828 1934 3879 Diversus
1963 3836 2039 3876 est
2065 3824 2120 3876 in
2147 3822 2221 3876 eis

1208 3906 1424 3962 duritiei
1483 3905 1695 3981 gradus.
1748 3906 1811 3957 In
1860 3922 1987 3973 agro
2042 3916 2223 3957 nostro

1207 3987 1527 4042 Nivernensi
1569 3986 1857 4054 Galliaeque
1896 3981 2225 4049 medullitio,

1205 4066 1315 4121 vidi
1362 4068 1428 4135 in,
1461 4067 1582 4118 vico
1626 4063 1693 4116 D.
1739 4062 2019 4124 Desidet-ii,
2062 4060 2224 4117 Saint-
