2975 4684
1021 405 1329 478 mssa
1381 407 1691 478 xxxv.
2274 409 2416 506 ³69

308 539 743 634 certandoque
777 541 1137 610 imitatione
1180 541 1321 634 ejus
1346 593 1366 626 ,
1406 539 1494 608 ad
1535 539 2156 609 numerosissimam·
2175 542 2414 614 florum

310 649 681 716 varietatem
720 645 1030 741 perduxit
1070 661 1279 716 artem
1324 645 1522 715 illam.
1564 648 1906 715 Postremo
1953 645 2196 740 pinxit⁹
2234 645 2412 720 illam

310 751 633 821 sedentem
678 777 829 821 cum
875 776 1157 836 corona,
1205 777 1350 845 quae
1385 777 1422 821 e
1464 751 1888 820 nobilissimis
1934 752 2074 845 ejus
2091 751 2140 778 ¹⁰
2189 753 2414 824 tabula

309 856 627 976 appellata
658 872 756 927 est
782 855 1401 952 stephaneplocos¹¹‚
1428 857 1516 925 ab
1546 855 1686 926 aliis
1711 857 2231 952 stephanopOIiS,
2256 886 2416 955 quo-

307 964 475 1032 niam
522 963 805 1058 Glycera
840 961 1239 1032 venditando
1276 986 1557 1032 coronas
1603 976 2082 1032 sustentaverat
2124 989 2414 1062 pauper-

308 1082 519 1138 tatem.
554 1071 793 1199 Hujus3
793 1069 1032 1139 tabulae
1058 1068 1415 1206 exemplar,
1437 1065 1633 1163 quod
1641 1067 2126 1198 apographosn¹²
2152 1086 2416 1172 vocant,

306 1176 377 1242 L.
410 1161 793 1245 Lucullus¹³
822 1161 1146 1245 duobus¹‘¹
1176 1174 1437 1244 talentis
1464 1176 1623 1242 emit
1639 1173 2008 1268 Dionysiis¹
2016 1160 2354 1246 ⁵Athenis.

294 1364 300 1368 Α
405 1282 667 1350 Pausias
702 1296 923 1350 autem
952 1281 1110 1350 fecit
1134 1293 1203 1348 et
1228 1279 1510 1373 grandes
1537 1277 1826 1365 tabulas,
1854 1280 2023 1349 sicut
2055 1295 2414 1374 spectatam
2454 1301 2484 1353 3

304 1385 370 1453 in
412 1387 707 1480 Pompeii
752 1385 1115 1480 porticibus
1170 1385 1372 1453 boum
1420 1331 1956 1453 immolationem.
2017 1387 2184 1454 Eam
2243 1390 2419 1456 enim

302 1492 625 1610 picturam
656 1492 909 1585 primus
933 1491 1221 1576 invenit,
1245 1513 1441 1583 quam
1474 1505 1702 1583 postea
1734 1491 1968 1558 imitati
2005 1505 2159 1558 sunt
2193 1490 2420 1575 multi,

302 1597 584 1688 aequavit
639 1619 859 1663 nemo.
929 1597 1101 1663 Ante
1162 1596 1383 1663 omnia
1437 1619 1640 1688 quum
1701 1594 2176 1690 longitudinem
2229 1597 2422 1667 bovis

301 1699 645 1770 ostendere
680 1699 911 1788 vellet,
948 1700 1297 1770 adversum
1317 1724 1467 1769 eum
1497 1701 1742 1794 pinxit,
1767 1726 1902 1769 non
1939 1715 2418 1772 transversum.

302 1821 368 1874 et
400 1806 663 1876 abunde
698 1754 1083 1900 intelligitur
1115 1784 1499 1899 amplitudo.
1537 1807 1711 1876 Dein
1739 1831 1943 1900 quum
1971 1830 2237 1891 omnes,
2274 1833 2422 1902 quae

296 1911 534 1981 volunt
559 1913 915 1981 eminentia
948 1912 1193 1996 videri,
1231 1910 1641 1980 candicantia
1676 1910 1960 1992 faciant,
1994 1910 2420 2008 coloremque

296 2003 653 2087 condant¹⁶
685 2019 917 2114 nigr0.
950 2017 1061 2086 hic
1088 2031 1304 2086 totum
1332 2017 1574 2086 bovem
1607 2019 1732 2084 atri
1767 2009 2006 2086 coloris
2038 2016 2231 2105 fecit,
2272 2043 2416 2086 um-

296 2123 559 2217 braeque
587 2147 831 2218 corpus
862 2147 943 2192 ex
965 2125 1111 2217 ipso
1146 2122 1327 2192 dedit
1346 2145 1624 2217 ‚magna
1654 2146 1928 2216 prorsus
1953 2137 2095 2192 arte
2130 2124 2197 2191 in
2227 2148 2416 2218 aequo

294 2231 611 2298 exstantia
633 2228 984 2298 ostendens
1002 2281 1020 2314 ,
1036 2230 1185 2298 etin
1210 2229 1552 2297 confracto
1567 2227 1774 2297 solida
1799 2229 2020 2297 omnia
2034 2227 2106 2295 ¹⁷.
2138 2231 2418 2324 Sicyone

290 2335 493 2403 ethic
524 2335 731 2402 vitam
767 2336 935 2429 egit,
972 2334 1216 2428 diuque
1250 2333 1376 2402 fuit
1413 2332 1523 2402 illa
1559 2335 1771 2427 patria
1802 2336 2097 2428 picturae.
2132 2334 2418 2406 Tabulas

292 2437 447 2506 inde
470 2463 507 2506 e
528 2437 795 2532 publico
821 2463 1051 2509 omnes
1072 2453 1347 2535 propter
1373 2463 1459 2508 aes
1480 2437 1766 2508 alienum
1798 2441 2082 2509 civitatis
2101 2436 2418 2528 addictaS,

291 2545 523 2614 Scauri
559 2529 893 2614 aedilitas&
928 2547 1213 2614 Romam
1246 2542 1597 2614 transtulit

287 2694 535 2745 victricem
560 2691 667 2746 dici
692 2691 871 2763 potins
897 2711 982 2747 ars
1018 2705 1309 2764 pateretur,
1394 2690 1692 2744 tabularum
1757 2694 2083 2748 ornamentis
2149 2697 2415 2752 Romanos

287 2789 591 2842 quanquam
618 2789 771 2842 egre.
796 2773 979 2826 Han.
1394 2787 1580 2823 omnes
1605 2771 1886 2840 superavit.
1917 2771 2096 2826 Hunn-

376 2868 431 2918 9.
464 2849 634 2900 Pc'mce't
666 2851 819 2902 illam.
865 2851 1011 2902 Brot.
1053 2868 1117 2902 ex
1155 2847 1307 2904 MSS.
1480 2849 2254 2911 14.Du0bus.Atticisnimirum
2276 2873 2290 2908 :
2311 2857 2416 2927 gal-

289 2929 519 2998 Regg.et
541 2924 626 2979 ed.
650 2928 821 2997 princ.
839 2931 1003 2997 pinxit
1019 2932 1187 2998 ipsam.
1202 2931 1309 2983 En.
1392 2927 1510 2982 lico
1535 2940 1762 2980 monetae
1781 2928 1928 2984 lihrae
1947 2944 2069 2984 sunt
2089 2933 2179 3001 9‚3
2190 2935 2281 3003 37.
2307 2935 2408 2989 En.

380 3025 465 3059 10.
512 3007 651 3076 Ejus.
690 3006 839 3058 Brot.
869 3025 931 3058 ex
960 3007 1111 3060 MSS.
1142 3010 1305 3079 Regg.
1482 3006 1573 3060 15.
1631 3007 1894 3079 Dicar-sith.
1955 3009 2122 3063 Festis
2171 3011 2413 3085 ludisque

284 3097 343 3139 ct
363 3083 451 3138 ed.
472 3085 643 3156 princ.
664 3101 847 3137 vocem
869 3085 1006 3141 hanc
1024 3084 1181 3140 delet.
1200 3089 1303 3140 En.
1394 3085 1726 3160 Dionysiacis
1740 3124 1757 3151 ,
1791 3087 1884 3158 qui
1923 3107 2116 3160 magno
2158 3105 2412 3164 apparatu

378 3185 403 3219 1
422 3182 469 3217 1.
506 3161 919 3234 Stephaneplocos.
963 3167 1043 3218 Ita
1078 3168 1207 3238 neg.
1242 3187 1305 3232 ο,
1394 3165 1464 3218 ab
1520 3165 1932 3219 Atheniensibus
1987 3169 2408 3226 celebrabantur.

282 3264 400 3298 non
438 3244 827 3314 stephanoplocos
855 3261 877 3295 .·
919 3261 1217 3317 quanquam
1254 3258 1307 3299 et
1391 3242 1595 3296 Eadem
1641 3245 1986 3299 Bacchanalia
2022 3250 2300 3320 appellata.
2346 3253 2410 3304 In

278 3323 433 3378 istud
457 3341 607 3395 aeque
626 3341 797 3395 grace
821 3321 1030 3377 dicitur.
1055 3331 1302 3396 Στοφανη·
1390 3324 1543 3376 libris
1580 3322 1835 3376 hactenus
1867 3323 2048 3392 editis,
2083 3347 2116 3380 a
2154 3330 2408 3402 Dionysio.

280 3405 465 3465 πλόκος
482 3443 499 3470 ,
522 3407 699 3455 textrix
718 3421 999 3456 coronarum
1026 3425 1045 3460 .-
1070 3405 1306 3474 στιφαινό-
1390 3405 1464 3455 At
1488 3403 1640 3456 MSS.
1671 3403 1796 3473 neg.
1830 3423 1858 3456 2
1874 3445 1892 3467 ‚
1920 3417 1974 3458 et
1996 3406 2226 3461 Pintiani
2242 3447 2260 3475 ‚
2281 3410 2407 3460 Dio-

278 3490 440 3544 πωλις
457 3521 475 3548 ,
501 3483 747 3535 venditrix
773 3502 1069 3536 coronarum.
1104 3481 1282 3546 Hun-
1388 3485 1564 3555 nysius.
1593 3479 1771 3535 ffinn.

370 3581 457 3616 η.
482 3563 815 3632 Apographon
834 3575 1029 3616 vocant.
1049 3561 1209 3629 Quod
1238 3559 1307 3615 ad
1477 3565 1568 3616 16.
1599 3561 1838 3615 condant.
1871 3561 2044 3616 Gron.
2081 3577 2134 3618 et
2172 3564 2256 3618 Al.
2287 3576 2408 3616 ante

278 3642 553 3712 exemplar
562 3641 849 3712 effingitur,
862 3643 1141 3712 ἀπόγραφον
1163 3641 1306 3696 Grae-
1390 3639 1559 3694 Hard.
1582 3641 1809 3694 condiant
1835 3644 1996 3710 nigro.
2019 3643 2126 3694 En.

277 3719 332 3772 ci
355 3719 567 3786 dicunt,
595 3741 686 3774 une
714 3725 861 3791 copie.
886 3721 1072 3774 Hsnn.
1476 3737 1565 3790 17.
1593 3721 1668 3772 Et
1691 3725 1742 3773 in
1778 3721 2022 3788 confracto
2049 3719 2209 3772 solida
2230 3723 2408 3774 omnia.

373 3799 467 3852 13.
495 3801 552 3854 L.
582 3801 827 3853 Lucullus.
854 3800 909 3853 Is
936 3799 1029 3871 qui
1052 3811 1174 3871 post
1199 3798 1308 3852 bel·
1390 3799 1461 3853 Et
1483 3819 1648 3872 quum
1696 3799 1864 3852 veluti
1906 3799 2068 3850 fracta
2115 3797 2221 3850 sint
2251 3798 2410 3852 nnius

281 3877 401 3929 lum
443 3877 891 3942 Mithridaticum,
927 3897 1211 3932 conversus
1242 3875 1309 3931 ad
1393 3881 1632 3951 corporis
1653 3879 1892 3931 membra
1907 3875 2117 3942 omnia,
2148 3875 2312 3930 solida
2329 3889 2408 3932 ta-

284 3952 463 4008 otinm
479 3994 497 4018 ‚
536 3956 759 4012 tradidit
786 3977 840 4010 se
869 3959 1017 4012 luxui
1034 3997 1051 4023 ,
1071 3957 1309 4028 magnifi·
1395 3977 1522 4012 men
1553 3958 1734 4011 omnia
1753 3953 2046 4008 videantur,
2072 3954 2252 4010 Haut).

280 4033 569 4105 centiaque
611 4037 885 4102 villarum,
936 4038 1203 4107 signorum
1259 4048 1312 4088 et
1486 4040 1576 4090 18.
1610 4035 1785 4087 Scauri
1823 4031 2047 4084 addicas.
2079 4034 2158 4087 De
2189 4055 2290 4114 qua
2319 4037 2408 4090 lib.

452 4133 572 4198 IX.
2089 4135 2176 4216 24
