2975 4684
1122 417 1433 486 LIBER
1482 417 1794 484 XXXV.

2380 419 2516 493 305

502 551 728 620 XXII.
772 545 1308 620 Sandaracham¹
1354 563 1423 618 et
1462 547 1736 618 ochram
1764 550 1938 619 Juba
1969 551 2224 622 tradit
2204 559 2274 621 ιιί
2307 556 2517 628 insula
2558 589 2582 622 ι

398 654 611 723 Rubri
654 652 889 724 maris²
930 657 1200 792 Topazo
1234 655 1472 724 nasci.
1519 653 1673 723 inde
1707 679 1905 724 nunc
1927 657 2384 750 pervehuntur
2430 663 2518 733 ad

398 745 575 832 nos³.
618 747 1077 830 Sandaracha⁴
1077 760 1457 890 5quomodo
1488 759 1715 846 fieret,
1758 759 2059 832 diximus.
2099 765 2203 833 Fit
2229 778 2298 833 et
2330 767 2515 840 adul-

399 867 608 934 terina
670 889 751 934 ex
799 851 1101 938 cerussa⁵
1145 867 1213 934 in
1256 866 1528 936 fornace
1581 880 1793 936 cocta.
1861 866 2063 938 Colos
2121 893 2261 940 esse
2319 871 2517 944 debet

396 957 799 1042 flammeus‘ffi
843 973 1185 1042 Pretium
1167 997 1233 1040 ιιι
1271 971 1504 1056 libras,
1545 997 1722 1040 asses
1762 973 1962 1065 quini.

500 1079 757 1147 XXIII.
804 1080 963 1147 Haec
994 1079 1049 1148 si
1080 1076 1443 1148 torreatur¹
1484 1101 1674 1171 aequa
1706 1091 1894 1171 parte
1932 1079 2198 1148 rubrica
2223 1081 2513 1156 admixta
2553 1117 2578 1151 1

394 1182 745 1276 sandycem
784 1183 959 1253 facit.
1004 1184 1405 1278 Quanquam
1442 1182 1906 1254 animadverto
1935 1181 2324 1277 Virgilium²
2368 1192 2510 1261 exi-

392 1289 683 1359 stimasse
716 1289 995 1358 herbam
1036 1287 1105 1358 id
1146 1313 1325 1376 esse,
1364 1287 1477 1360 illo
1509 1313 1706 1358 versu
1725 1341 1745 1370 ‚

626 1419 851 1494 Sponte
881 1435 983 1474 sua
1014 1415 1239 1493 sandyx
1266 1429 1566 1494 pascentes
1592 1415 1799 1474 vestiet
1830 1434 2026 1493 agnos.

390 1578 633 1636 pocrates
658 1577 870 1628 contra,
894 1564 939 1618 si
960 1563 1068 1617 cito
1087 1576 1309 1617 arescat.
1332 1562 1404 1616 Η.

1576 1562 1784 1614 XXIII.
1821 1580 1872 1615 1.
1895 1562 2022 1616 Hoec
2051 1568 2096 1616 si
2126 1575 2380 1622 torreatur.
2411 1573 2514 1625 Ce-

470 1645 653 1697 xxn.
685 1661 733 1696 1.
762 1642 1141 1695 sandaracham.
1170 1641 1408 1696 Isidorus
1495 1657 1642 1694 tussa
1660 1640 1861 1694 scilicet
1885 1640 1943 1694 in
1968 1641 2182 1698 fornace
2199 1659 2346 1700 cocta
2365 1684 2384 1712 ,
2405 1649 2514 1704 sive

391 1721 615 1775 totidem
642 1723 819 1775 verbis
835 1760 853 1786 ,
875 1722 1007 1774 xlx
1024 1761 1041 1788 ,
1066 1739 1154 1792 ¹7-
1187 1723 1257 1775 Et
1278 1721 1405 1774 alibi

389 1801 534 1856 nasci
560 1799 721 1855 tradit
746 1801 999 1867 Diosc.V,
1030 1817 1161 1856 121.
1188 1801 1371 1855 Hann-

474 1903 523 1935 ιι.
538 1882 601 1934 In
622 1881 778 1934 ansula
800 1881 953 1933 Rubri
975 1885 1138 1934 maris.
1164 1881 1259 1934 Est
1279 1893 1403 1933 ante

387 1961 579 2013 urbem
615 1959 919 2014 Ber-enicem
950 1960 1195 2030 Topazus
1211 1999 1227 2024 ,
1255 1977 1401 2012 nunc

388 2039 443 2092 Z
442 2053 691 2110 emor-gete.
714 2042 881 2094 Buor.

468 2120 521 2174 3.
555 2121 674 2172 Inde
700 2139 825 2172 manc
841 2119 1163 2189 pervehuntur
1198 2118 1269 2170 ad
1290 2137 1391 2170 nos.

385 2198 476 2252 Sic
535 2199 687 2253 MSS.
728 2216 929 2252 omnes.
984 2197 1129 2251 Editi
1178 2210 1397 2262 contra,

392 2303 417 2324 ·
450 2277 543 2332 sed
586 2277 713 2332 inde
756 2296 868 2331 non
912 2279 1285 2349 pervehuntur
1328 2275 1395 2329 ad

384 2376 497 2410 nos.
527 2382 550 2405 ι
598 2359 776 2411 Ηηιυ.

470 2444 523 2500 4.
554 2435 885 2488 Suadet-acha.
910 2435 1022 2487 Ubi
1042 2453 1237 2506 nempe
1262 2435 1397 2487 effo-

382 2512 615 2580 deretur,
628 2514 1214 2578 dixitanteriorelibro,
1227 2532 1273 2567 c.
1302 2513 1396 2566 35.

386 2594 474 2646 ef.
514 2595 673 2648 etiam
710 2593 779 2646 de
816 2592 1136 2648 sandaracha
1182 2584 1203 2662 (
1215 2594 1397 2660 sulfure

384 2691 533 2743 rouge
548 2675 585 2726 d
591 2661 809 2742 'arsemc)
822 2691 940 2744 quae
955 2672 1095 2725 dicta
1120 2685 1246 2725 sunt
1264 2673 1394 2726 Exc.

384 2751 513 2804 Vad
534 2755 729 2807 calcem
756 2750 925 2823 ejusd.
956 2750 1051 2804 lib.
1080 2752 1183 2803 En.

463 2829 519 2883 6.
570 2831 658 2883 Fit
694 2843 744 2882 et
778 2830 971 2882 adulter
945 2835 1049 2882 rina
1090 2848 1150 2880 ex
1188 2848 1393 2882 cerussa.

384 2907 511 2961 Hoc
537 2908 775 2962 Isidorus
818 2907 1041 2961 totidem
1084 2907 1259 2960 verbis
1289 2908 1391 2960 loc.

381 2987 473 3042 cit.
498 3005 531 3040 a
562 2987 765 3050 Plinio,
796 2999 857 3038 ut
882 2986 1222 3052 arbitramur,
1247 2999 1337 3039 aut
1361 3005 1393 3040 a

382 3065 655 3131 Vitruvio,
680 3066 820 3131 VII,
852 3083 915 3118 ια
936 3103 951 3130 ,
971 3085 1027 3136 p.
1065 3067 1209 3126 166:
1236 3089 1261 3112 c
1291 3066 1393 3118 Ce-

381 3164 547 3212 mssa,
574 3145 750 3218 inquit
764 3181 781 3210 ,
804 3163 967 3216 quum
990 3145 1046 3196 in
1074 3143 1288 3197 fornace
1308 3163 1395 3198 co-

378 3225 585 3300 quitur,
620 3236 822 3281 mutato
848 3225 1024 3278 colore
1055 3222 1125 3276 ad
1150 3223 1287 3296 ignis
1308 3224 1392 3276 iu·-

376 3303 627 3358 cendium
644 3341 661 3370 ,
691 3303 921 3358 efficitur
944 3302 1260 3356 sandaracha
1290 3321 1305 3355 ε
1333 3300 1391 3355 id

379 3392 553 3439 autem
579 3383 831 3438 incendio
858 3383 997 3437 facto
1028 3401 1091 3436 ex
1115 3401 1237 3435 casu
1256 3381 1395 3435 didi·

379 3477 565 3518 cerunt
592 3463 839 3518 homines
865 3481 879 3516 τ
910 3475 963 3516 et
992 3481 1053 3516 ea
1083 3461 1251 3515 multo
1278 3479 1390 3514 me·

376 3543 563 3597 liorem
607 3560 761 3596 usum
798 3554 1008 3614 prostat
1025 3581 1039 3604 ,
1070 3559 1228 3612 quam
1268 3557 1389 3612 quo

375 3621 444 3674 de
463 3623 689 3676 metallis
703 3639 803 3695 per
818 3641 873 3675 se
885 3634 1006 3676 nata
1027 3619 1245 3674 foditur.
1263 3643 1288 3668 o
1316 3619 1386 3674 Η.

459 3704 510 3754 6.
537 3702 682 3755 Colos
702 3722 802 3755 esse
812 3701 1217 3769 debstfiammem.
1246 3698 1383 3772 Pau·-

374 3779 458 3831 lus
486 3797 549 3834 ex
581 3781 765 3836 Festo:
806 3807 831 3830 ι
860 3778 1191 3833 sandaracha
1218 3795 1383 3849 genus

376 3858 583 3913 coloris.
618 3861 821 3914 Navius
849 3880 863 3912 ι
896 3859 1101 3912 Merula
1138 3855 1383 3911 sandara-

376 3935 498 3990 cino
551 3957 662 3993 ore.
686 3965 709 3987 ιι
746 3939 917 3993 Habet
957 3951 1133 3992 autem
1179 3937 1379 3992 merula

374 4027 605 4070 matrum
632 4019 857 4075 luteum.
886 4019 1066 4072 llum.

526 4113 648 4182 IX.

1495 1718 1836 1773 sandaracha.
1878 1718 2076 1774 lisdem
2118 1724 2294 1776 verbis
2316 1726 2508 1782 Isidor.

1493 1798 1595 1851 loc.
1617 1800 1707 1852 cit.
1725 1798 2118 1872 scriptoresque
2131 1801 2220 1854 alii
2237 1809 2510 1874 permulti,

1491 1895 1624 1948 quos
1672 1877 1853 1931 laudat
1893 1881 2238 1952 sequiturque
2276 1883 2507 1950 Caesius,

1484 1953 1556 2009 de
1573 1957 1818 2010 Mineral.
1845 1958 1920 2023 11,
1942 1963 1973 2021 4
1988 1996 2005 2024 ,
2027 1977 2142 2030 cap.
2165 1962 2221 2025 8,
2238 1981 2356 2034 pag.
2383 1985 2412 2019 ι
2427 1983 2504 2019 ιο.

1486 2034 1726 2090 H.—Cf.
1742 2034 1812 2090 de
1823 2035 2170 2109 Psimmythio
2191 2041 2276 2093 vel
2301 2061 2507 2098 cerussa

1483 2113 1611 2168 Exc.
1631 2115 1713 2168 1v
1734 2113 1806 2168 ad
1824 2116 1950 2169 calc.
1971 2117 2222 2171 anterior.
2251 2121 2348 2174 lib.
2371 2122 2476 2178 Eu.

1569 2212 1622 2247 a.
1660 2195 1949 2266 Quanquam
1977 2197 2299 2250 animadverto
2333 2201 2503 2272 Virgi-

1485 2273 1618 2327 lium.
1649 2273 1922 2328 Iudicium
1971 2272 2132 2328 Plinii
2174 2275 2346 2332 doctis
2389 2300 2502 2336 non

1482 2352 1676 2422 placet.
1705 2353 1964 2419 Quamvis
1986 2354 2128 2407 enim
2150 2358 2361 2427 pecoris
2375 2360 2502 2413 Vir-

1482 2431 1640 2501 gilius
1659 2431 1717 2484 in
1735 2451 1802 2486 eo
1825 2451 1979 2485 versu
1999 2434 2300 2490 meminerit
2319 2438 2498 2494 herbis

1482 2512 1768 2576 vescentis,
1825 2530 1937 2563 ιιοιι
1989 2526 2272 2584 propterea
2323 2529 2499 2572 tamen

1480 2589 1729 2659 sandycis
1753 2590 1904 2642 color
1927 2588 1995 2644 ad
2016 2591 2236 2646 herbam
2267 2596 2498 2650 referen-

1480 2665 1584 2721 dus
1614 2681 1726 2734 est,
1752 2685 1851 2726 nec
1893 2670 2055 2738 magis
2091 2689 2248 2742 qnam
2277 2677 2496 2732 muricis

1480 2745 1540 2800 iu
1573 2748 1807 2800 carmine
1846 2745 2131 2818 adjuncto,
2178 2751 2359 2825 Eclog.
2391 2755 2492 2822 IV,

1484 2825 1810 2897 45.·1pse
1831 2824 1964 2878 sed
1951 2845 2004 2878 ιιι
2033 2830 2200 2897 pratis
2231 2831 2364 2886 aries
2381 2836 2494 2904 jam

1478 2923 1640 2959 suave
1661 2905 1873 2958 rubenti
1905 2905 2112 2960 Murice
2129 2910 2272 2980 ‚jam
2304 2931 2492 2966 croceo

1478 2985 1710 3038 mutabit
1756 2985 1950 3038 vellera
1995 2985 2130 3038 luto.
2166 2989 2317 3042 »Est
2361 3010 2491 3064 ergo

1476 3063 1680 3138 sandyx
1699 3064 1920 3126 coloris,
1934 3082 2042 3116 uon
2064 3065 2246 3123 herbas
2272 3088 2489 3127 nomen.

1476 3141 1617 3196 Du..
1645 3175 1724 3186 --
1752 3142 1962 3194 Hor-bam
1983 3143 2038 3194 id
2054 3163 2166 3198 esse.
2197 3147 2490 3219 Hesychius

1474 3219 1663 3274 florem
1690 3218 1934 3291 sandycis
1952 3220 2028 3275 ait
2045 3223 2239 3279 habere
2257 3229 2489 3285 colorem

1474 3300 1699 3354 similem
1727 3301 2488 3376 οοοοο,ὰ1ἐ’σαι·ἱαισ.·Σα’νδὋξ,

1471 3375 1676 3452 δένδρον
1707 3377 1990 3450 θαμνῶὃις,
2013 3375 2064 3434 οὗ
2084 3389 2140 3437 τὸ
2161 3385 2298 3448 ἄνθος
2321 3391 2486 3459 χροίαν

1470 3461 1630 3530 κόκκῳ
1687 3461 1866 3531 ἐμφερῆ
1919 3462 2048 3529 ἔχει,
2106 3465 2170 3524 ὣς
2228 3467 2483 3530 Σωσίὸιος.

1470 3539 1688 3609 Ignotus
1723 3552 1826 3605 est,
1877 3539 2134 3613 fletusque
2174 3543 2263 3596 hic
2290 3545 2482 3600 frutex.

1469 3619 1640 3672 Vetus
1669 3618 1990 3672 Glossarium
2012 3621 2270 3686 puteani,
2301 3623 2372 3675 ita
2402 3641 2485 3676 re·

1470 3697 1670 3752 ferente
1701 3699 1952 3752 Salmasio
1989 3701 2048 3753 in
2090 3699 2225 3752 Hist.
2259 3702 2482 3770 August.

1468 3795 1524 3848 p.
1565 3776 1674 3847 369
1699 3797 1712 3832 ι
1755 3803 1776 3826 ιι
1803 3776 2019 3848 Sandyx
2046 3778 2210 3830 herba
2236 3777 2482 3835 tincturae

1466 3869 1586 3927 apta
1604 3896 1619 3923 ,
1649 3874 1809 3929 quam
1839 3857 2032 3927 vulgus
2065 3859 2349 3923 gas-amiam
2385 3878 2482 3913 vo-

1466 3949 1567 3991 cat.
1604 3962 1627 3984 ·
1673 3936 1828 3989 Falso
1858 3954 1872 3987 t
1922 3945 1999 3986 est
2051 3933 2192 3986 enim
2241 3943 2482 4004 gat-ancia

1466 4013 1871 4088 erythrodanos.
1909 4011 2086 4066 litun.
2127 4040 2209 4054 --
2247 4015 2481 4077 Hes-bam.

2148 4136 2241 4183 20
