2975 4684
1114 352 1423 421 LIBER
1472 351 1832 419 XXXVI.
2396 350 2536 436 445

524 483 861 557 Praxitelis
919 482 1090 553 filius
1148 481 1678 577 Cephissodorus
1736 498 1803 551 et
1857 484 2014 552 artis
2062 482 2272 553 haeres
2284 482 2336 523 ⁷⁰
2393 484 2534 554 fuit.

420 593 627 685 Cujus
653 590 990 661 laudatum
1022 605 1119 660 est
1148 590 1449 684 Pergami
1476 586 1970 682 symplegma⁷¹,
1997 590 2258 683 signum
2291 590 2539 678 nobile,

418 698 635 792 digitis
667 699 930 791 corpori
958 698 1212 781 verim,
1250 718 1449 788 quam
1493 692 1894 780 marmori⁷²‚
1925 697 2539 793 impressis-'Romae

418 804 559 896 ejus
616 828 819 897 opera
865 814 1018 871 sunt
1053 830 1067 869 :
1117 804 1371 871 Latona
1412 802 1481 868 in
1537 798 1768 877 Palatii
1825 799 2150 870 delubro:
2197 805 2425 872 Venus
2469 806 2536 871 in

416 907 728 978 Pollionis
764 909 963 978 Asinii
998 908 1486 977 monumentis:
1525 921 1592 974 et
1620 908 1791 974 intra
1815 908 2110 976 Octaviae
2138 911 2434 1002 porticus
2468 912 2538 979 in

414 1017 691 1085 Junonis
730 1015 865 1084 aede
893 1014 1338 1109 AEsculapius‚
1378 1037 1457 1083 ac
1489 1014 1732 1081 Diana.

522 1122 752 1215 Scopae
792 1119 933 1189 laus
982 1146 1136 1190 cum
1179 1119 1283 1188 his
1326 1134 1556 1189 certat.
1596 1120 1664 1187 Is
1704 1118 1860 1187 fecit
1891 1098 2259 1206 Venerem,
2299 1136 2366 1190 et
2405 1124 2530 1191 Po-

416 1212 661 1313 thon⁷³,
689 1240 756 1294 et
784 1212 1343 1309 Phaethontem⁷⁴‚
1368 1228 1480 1320 qui
1506 1224 1936 1294 Samothrace
1966 1173 2384 1295 sanctissimis
2413 1254 2534 1297 cae-

416 1332 709 1400 timoniis
754 1330 1084 1399 coluntur.
1132 1336 1295 1398 Item
1342 1329 1712 1424 Apollinem
1756 1316 2195 1398 Palatinum⁷⁵
2199 1384 2220 1418 ‚
2265 1334 2538 1401 Vestam

412 1420 812 1505 sedentem⁷⁶
849 1434 1180 1505 laudatam
1223 1437 1291 1502 in
1322 1435 1696 1504 Servilianis
1736 1437 1984 1521 hortis,
2019 1436 2316 1530 duasque
2356 1439 2535 1507 Cha·

414 1540 773 1609 metaeras⁷⁷
810 1542 985 1609 circa
1022 1564 1165 1609 eam
1180 1565 1508 1634 ‚quarum
1539 1564 1730 1635 pares
1767 1544 1834 1609 in
1856 1542 2059 1609 Asinii
2096 1544 2538 1613 monumentis

410 1708 666 1751 numenta
714 1714 817 1767 qua
858 1694 1025 1748 Urbis
1070 1695 1286 1766 regione
1336 1698 1433 1750 sita
1517 1697 1595 1749 Ut
1621 1695 1766 1768 quod
1791 1697 1986 1767 cuique
2012 1715 2168 1749 suum
2194 1711 2299 1763 est,
2323 1699 2425 1753 illis
2448 1701 2538 1753 tri·

413 1776 611 1829 fuerint
626 1814 643 1839 ,
659 1775 1062 1846 inexploratum.
1084 1778 1161 1828 De
1180 1776 1297 1845 ipso
1314 1776 1431 1829 Pol-

410 1855 555 1909 lione
582 1854 811 1907 diximus
836 1854 892 1906 in
916 1856 1206 1907 Auctor-um
1227 1854 1425 1909 Indice.

414 1936 491 1989 De
522 1934 724 2009 ‘Silenis
758 1933 999 2004 proxime
1031 1946 1201 1986 antea.
1238 1933 1305 1985 Η.

494 2033 583 2086 7ο.
618 2014 692 2065 Et
720 2015 839 2065 artis
869 2012 1037 2065 hem.
1065 2012 1235 2065 Gron.
1263 2026 1316 2066 et
1342 2015 1425 2066 Al.

405 2106 527 2148 ante
560 2090 729 2147 Hard.
755 2096 826 2145 νεὶ
850 2104 901 2144 et
927 2094 1047 2143 artis
1074 2092 1243 2143 laam.
1279 2092 1385 2147 Et).

487 2193 581 2244 71.
603 2171 923 2244 Symplegma.
947 2171 1269 2242 Complexus
1291 2170 1425 2225 duo-

404 2270 523 2305 rum
558 2252 887 2323 puellorum‚
914 2262 1098 2303 mutuo
1130 2269 1241 2304 sese
1266 2270 1422 2303 oscu-

405 2330 627 2385 lantium
673 2352 685 2381 :
732 2330 817 2382 vel
860 2326 1091 2382 duorum
1132 2330 1423 2397 colluctan-

406 2410 538 2463 tium
560 2424 651 2463 :ut
671 2428 793 2462 mox
814 2410 917 2461 hoc
938 2408 1054 2479 ipso
1074 2410 1263 2480 capite.
1284 2412 1420 2463 Du..

486 2508 519 2559 7
530 2508 581 2542 ².
600 2488 803 2560 Corpori
820 2492 1000 2553 verius,
1020 2508 1161 2559 quam
1178 2491 1421 2544 marmori.

403 2567 659 2632 Carnem,
688 2566 897 2633 credas,
923 2585 1033 2620 11011
1054 2586 1308 2631 marmor,
1332 2568 1422 2621 in·

401 2650 553 2702 tueri.
586 2648 765 2701 111111).

483 2729 574 2797 73.
592 2728 643 2779 Is
644 2728 772 2794 fecte
784 2728 1011 2779 Venerem
1025 2738 1074 2778 et
1092 2726 1298 2790 Pothon,
1318 2738 1417 2779 etc.

401 2803 626 2858 Pausan.
647 2807 705 2857 in
731 2806 895 2859 Attio.
918 2804 1022 2857 hoc
1046 2816 1151 2864 est,
1183 2806 1229 2868 Ι,
1244 2824 1297 2875 p.
1320 2808 1418 2859 81:

402 2884 573 2935 Σκόπα
594 2878 679 2947 ὃὶ,
705 2872 869 2954 ἥρως,
890 2874 1187 2953 καὶῘμιρος,
1212 2882 1297 2936 καὶ
1326 2886 1420 2937 no'-

399 2962 761 3032 (κῃ-8001111
790 2959 1036 3031 Cupido,
1060 2962 1341 3033 Appetitus
1366 2976 1420 3017 et

398 3040 634 3106 Pothos,
660 3060 753 3094 seu
786 3038 1190 3093 Desiderium.-
1229 3041 1295 3095 H.

479 3128 575 3189 74.
602 3122 678 3173 Et
704 3120 1062 3172 Phaethontem.
1104 3121 1334 3173 Revocat
1358 3122 1415 3175 in

396 3200 709 3253 memoriam
774 3198 973 3269 effigies
1036 3218 1098 3252 ea
1150 3200 1413 3270 picturam

393 3278 629 3351 ejusdem
643 3278 988 3332 Phaethontis
1004 3279 1189 3332 inscite
1207 3281 1413 3337 factam,

394 3359 449 3413 in
472 3378 629 3431 quam
659 3358 893 3412 Lucilius
912 3370 1055 3411 vates
1076 3358 1237 3413 facete
1266 3360 1411 3420 lusit,

390 3437 449 3491 in
476 3440 697 3492 Anthol.
724 3439 821 3491 lib.
851 3438 933 3503 11,
962 3438 1041 3491 tit.
1074 3457 1143 3507 ¹9
1173 3458 1186 3490 =
1212 3439 1411 3508 Γράψαις

392 3524 656 3571 anamim
632 3539 725 3578 ν,α.
753 3520 1071 3588 Μενίςρατε,
1098 3516 1181 3569 καὶ
1202 3520 1411 3571 Φαέθον-

390 3617 488 3662 τα,
508 3602 677 3659 Ζητιῖς
703 3598 775 3659 τὶς
802 3598 986 3651 *αὑτων
1008 3596 1138 3659 ἄξιός
1160 3600 1231 3657 iet
1253 3598 1409 3662 τίνοςς

390 3680 497 3737 Τοῖς
536 3675 679 3738 ἰδίως
722 3678 897 3737 αὐτοὺς
935 3678 1231 3747 τιμήσομεν
1278 3676 1407 3739 ἄξιος

390 3754 536 3817 ὅντως
574 3746 663 3817 Em
694 3758 841 3827 πυρὸς
874 3758 1097 3819 Φαέθων,
1136 3756 1407 3810 Δευκαλίων

390 3828 442 3885 δ’
459 3832 661 3898 ὕδατος.
683 3836 901 3889 ‹Pictus
916 3836 1225 3900 Deucalion,
1241 3836 1408 3889 Phae-

389 3912 1270 3987 thonque‚Meneet1-ate,pictusEst
1280 3914 1405 3967 tibi:

392 4009 497 4062 11110
516 3993 727 4065 dignus,
746 3995 962 4067 queris,
980 4007 1203 4065 uterque
1218 3994 1368 4048 labor
1380 3994 1405 4045 Ρ

1515 1776 1709 1828 huntur
1727 1776 1993 1829 :habento
2021 1777 2089 1830 Et
2111 1776 2350 1832 flammas
2368 1778 2536 1832 Phae·

1515 1854 1674 1919 thon,
1705 1868 1759 1907 et
1797 1873 1942 1908 mare
1985 1857 2291 1910 Deucalion.
2323 1882 2345 1905 n
2375 1860 2535 1911 H.—

1511 1932 1838 1986 Samothrace.
1863 1933 2035 1987 Gron.
2058 1949 2108 1988 et
2129 1934 2210 1988 Al.
2231 1949 2350 1989 ante
2369 1937 2532 1993 Hard.

1510 2012 1869 2065 Samoehmcioe.
1907 2014 2008 2065 En.

1591 2091 1685 2162 75.
1718 2090 1994 2163 Apollinem
2014 2092 2312 2147 Palatinum.
2337 2096 2528 2150 Diver-

1505 2189 1594 2223 sus
1637 2171 1726 2224 hie
1755 2183 1834 2223 est
1873 2191 1904 2225 a
1932 2170 2270 2243 Capitolino,
2313 2172 2381 2227 de
2419 2194 2527 2247 quo

1503 2249 1729 2314 Plinius,
1756 2251 1920 2313 xm,
1949 2270 2037 2321 ²7,
2061 2264 2114 2305 et
2140 2254 2402 2319 XXXIV,
2436 2272 2456 2307 1
2473 2260 2530 2321 8,

1506 2331 1602 2383 etsi
1647 2330 1866 2383 unicum
1911 2326 2279 2403 Dalecampius
2331 2334 2528 2387 conflat

1504 2426 1569 2461 ex
1600 2406 1826 2462 duobus.
1862 2409 2047 2463 Halm.

1587 2492 1682 2556 76.
1716 2489 1914 2540 Vestam
1935 2490 2184 2541 sedentem.
2219 2490 2306 2543 Sic
2336 2492 2446 2548 fere
2469 2504 2524 2547 et

1503 2566 1560 2617 in
1577 2567 1812 2620 nummis
1829 2568 2058 2639 antiquis
2072 2570 2344 2641 pingitur:
2361 2570 2523 2625 altera

1503 2662 1664 2697 manu
1709 2645 1906 2709 facem,
1943 2645 2147 2701 discum
2189 2651 2386 2714 altera,
2425 2670 2520 2705 seu

1499 2723 1798 2777 libatoriam
1823 2738 2056 2796 pateram
2081 2729 2308 2797 prasert.
2329 2730 2434 2783 Fax
2454 2729 2521 2783 ad

1500 2802 1677 2873 ignem
1701 2805 1933 2876 pertinet
1951 2824 1964 2857 1
1989 2804 2164 2859 discus
2182 2806 2250 2860 ad
2268 2810 2521 2863 sacrificia

1500 2881 1722 2936 solemni
1741 2885 1848 2937 ritu
1861 2897 2226 2957 perpetuoque
2243 2889 2432 2941 oblata.
2449 2888 2517 2944 H.
2547 2942 2554 2949 ,

1584 2981 1676 3032 77.
1709 2963 2049 3017 chamaam.
2076 2966 2252 3019 Socias
2271 2967 2520 3021 1111111150-

1499 3038 1710 3107 dentes,
1745 3061 1854 3111 non
1893 3044 1949 3096 in
1979 3042 2148 3097 sedili.
2187 3044 2514 3101 Vei-tendum

1495 3133 1656 3172 scorta
1695 3122 1914 3175 minime
1952 3137 2108 3194 puto.
2155 3128 2404 3197 quoniam
2455 3126 2512 3180 id

1499 3200 1672 3254 Vestae
1709 3200 1978 3272 pudicitia
2011 3220 2118 3257 non
2159 3208 2466 3260 conveniret
2497 3228 2510 3257 ε

1497 3280 1596 3333 nisi
1631 3282 1748 3351 quis
1787 3294 1939 3351 putet
1985 3283 2040 3335 in
2085 3286 2218 3339 facie
2257 3287 2512 3339 comitum

1495 3359 1669 3413 Vestae
1693 3362 1998 3431 expressisse
2020 3366 2353 3418 meretricum
2381 3362 2512 3416 dua-

1494 3456 1615 3492 rum
1641 3440 1950 3511 imaginem.
1991 3460 2121 3515 quas
2144 3446 2382 3507 amabat,
2415 3460 2508 3511 pe-

1495 3517 1780 3590 dissequas.
1805 3520 2036 3586 Quidam
2063 3524 2270 3593 legunt,
2296 3522 2514 3573 Commo·

1493 3600 1630 3653 trias.
1661 3599 1800 3654 Du..
1834 3630 1913 3641 —
1947 3602 2286 3654 Chametoeras.
2334 3608 2510 3668 Χαμα-

1491 3678 1646 3749 ταιρὶς
1670 3678 1936 3752 Hesycbio
1958 3682 2105 3747 πόρνη
2129 3678 2346 3740 dicitur,
2369 3696 2512 3731 scor-

1492 3756 1924 3827 111111.Α1ἅταὶρα
1951 3758 2147 3810 sociam
2177 3771 2228 3810 01
2256 3758 2510 3825 amicam,

1494 3838 1660 3909 magis
1689 3856 1872 3891 severo
1902 3854 1962 3888 ac
1989 3834 2188 3907 pudico
2214 3838 2368 3889 etiam
2411 3856 2508 3891 no-

1491 3918 1634 3970 mine
1691 3928 1858 3969 sonat.
1918 3916 2098 3978 Quare
2154 3917 2506 3997 Xautraipuoee,

1493 3994 1822 4051 sociashumi
1833 3992 2100 4049 sedentes'
2084 4008 2419 4068 interpretor.
2438 3996 2506 4049 H.

2575 1133 2642 1185 13
