2975 4684
760 374 884 439 DE
931 372 1125 441 AERE
1173 373 1290 441 ET
1337 373 1545 441 EJUS
1596 368 2261 438 RECREMENTIS.
2432 366 2568 437 263

459 488 676 543 nomine
711 508 742 543 a
779 488 1116 553 Dioscoride,
1159 490 1368 544 Galeno
1411 501 1464 542 et
1497 488 1669 542 Plinio
1695 487 1973 558 descripto
2010 486 2252 551 fuerant,
2284 497 2338 539 et
2370 504 2487 557 qun
2515 486 2573 537 in

460 580 626 653 Cypri
645 591 845 633 tantum
862 581 1090 634 officinis
1107 582 1314 635 fusoriis
1331 580 1553 653 reperiri
1571 591 1807 652 poterant
1820 618 1835 644 ,
1848 580 2029 632 eadem
2048 578 2265 649 nomina
2285 577 2403 631 aliis
2416 578 2574 631 rebus

425 708 442 731 ,
459 667 788 737 assignavere
816 688 830 719 =
853 667 995 721 unde
1021 681 1136 722 orta
1159 680 1234 722 est
1261 668 1506 722 confusio
1536 668 1715 721 multa.

531 754 920 821 (Recentiorum
945 756 1186 827 plerique
1217 770 1390 809 tamen
1418 754 1676 808 cadmiam
1704 755 2027 818 fornaceam,
2056 752 2167 805 sive
2203 753 2407 803 ezechiam
2440 751 2572 805 Offi-

461 842 696 895 ciuarum
724 843 960 897 eamdem
981 862 1100 897 cum
1121 844 1327 897 cadmia
1350 844 1549 897 factitia
1571 844 1821 894 Veterum
1850 841 2203 912 pronuntiant,
2222 858 2397 911 neque
2420 860 2574 912 pom·

461 927 724 1001 pholygos
758 948 948 1001 genera
970 950 998 983 a
1025 929 1341 985 Dioscoride
1381 942 1697 993 memorata,
1731 929 1799 980 ab
1834 927 1895 980 iis
1931 946 2051 999 quo
2084 926 2248 979 nostri
2282 926 2445 996 vulgo
2481 945 2573 979 vo·

462 1028 606 1079 cant,
628 1019 752 1069 nim
773 1022 938 1070 album
947 1021 1131 1089 ,fleat-s
1151 1022 1215 1070 de
1240 1020 1380 1081 zirac,
1399 1029 1497 1070 etc.
1522 1016 1737 1069 differre
1758 1012 2121 1081 arbitrantur.)

529 1101 744 1157 Cadmia
789 1106 1158 1159 Recentiorum
1193 1100 1209 1155 ἑ
1243 1103 1449 1157 cadmia
1497 1104 1769 1155 fornacum
1797 1099 2100 1172 Agricola:
2143 1098 2313 1151 tuthia
2338 1099 2573 1173 vulgaris

460 1188 616 1243 Offic.
641 1210 752 1244 non
775 1193 960 1264 cupri,
979 1192 1074 1247 scd
1101 1192 1384 1246 aurichalci
1413 1200 1801 1245 recrementum
1832 1198 1936 1251 est;
1963 1204 2056 1239 seu
2086 1186 2263 1257 potius
2296 1198 2373 1238 est
2398 1204 2573 1240 recre-

457 1288 690 1330 mentum
725 1279 914 1351 lapidis
950 1280 1282 1333 calaminaris
1317 1298 1440 1332 cum
1468 1296 1637 1349 cupro
1663 1277 1793 1339 fusi,
1820 1292 1983 1347 quum
2009 1284 2247 1325 veterum
2244 1263 2479 1326 cadmia
2510 1292 2574 1326 ex

459 1362 572 1415 solo
597 1383 764 1436 cupro
791 1366 1079 1419 oriebatur.
1103 1367 1300 1419 Tuthia
1329 1366 1505 1437 itaque
1529 1365 1865 1419 officinarum
1901 1374 1979 1415 est
2002 1359 2134 1431 lapis
2167 1358 2495 1412 calaminaris
2519 1378 2582 1412 ex

461 1468 561 1503 ore
581 1450 696 1503 fuso
717 1451 1036 1505 sublimatus
1056 1452 1122 1505 ad
1144 1452 1463 1522 superiorem
1485 1451 1717 1503 fornacis
1738 1462 1937 1521 partem
1956 1488 1971 1513 ,
1998 1446 2091 1499 ubi
2116 1445 2183 1499 ad
2206 1446 2395 1497 ferreas
2413 1444 2583 1499 hastas

461 1538 757 1589 concrescit
779 1538 834 1589 in
857 1550 1084 1591 crustam
1111 1536 1324 1589 densam
1343 1574 1360 1601 ,
1385 1555 1505 1608 quoe
1536 1548 1719 1608 postea
1743 1535 2005 1587 excutitur
2036 1533 2089 1584 in
2119 1532 2341 1585 frustula
2366 1531 2581 1585 semitu-

463 1621 666 1683 bulata,
689 1624 938 1675 arborum
955 1624 1233 1679 corticibus
1249 1624 1438 1678 similia
1452 1660 1469 1687 ,
1493 1642 1683 1676 sonora
1697 1663 1714 1690 ,
1730 1623 1869 1675 intus
1889 1620 2061 1682 laevia‚
2078 1620 2323 1671 sublutea
2338 1655 2355 1682 ,
2372 1632 2583 1672 externe

462 1708 695 1779 granulis
733 1710 1020 1763 admodum
1061 1712 1281 1765 minutis
1315 1706 1602 1782 ‘conspersa
1621 1748 1637 1776 ,
1677 1710 1856 1764 colore
1902 1710 2115 1760 cinereo
2156 1705 2485 1777 aliquantum
2516 1706 2585 1759 ad

464 1796 744 1849 ceruleum
770 1808 1033 1869 vergente.
2414 1806 2420 1813 ’

531 1883 730 1936 Tuthia
766 1884 898 1937 inter
943 1883 1262 1957 ophtalmica
1302 1885 1531 1939 remedia
1571 1886 1925 1957 praestantiora
1965 1898 2273 1937 recensetur
2297 1904 2311 1935 =
2332 1882 2582 1953 abstergit

462 1970 632 2033 enim,
654 1984 708 2025 et
737 1972 956 2025 exsiccat
973 1974 1088 2025 sine
1111 1990 1309 2025 morsu.
1325 1972 1484 2026 Unde
1512 1973 1567 2024 in
1594 1972 1897 2025 hulceribus
1922 1988 2128 2025 cornea
2150 1969 2359 2024 adnatte
2386 1982 2438 2021 et
2465 1970 2579 2041 pal-

457 2058 746 2129 pebrarum
781 2058 998 2113 feliciter
1033 2060 1406 2131 prescribitur,
1444 2060 1501 2112 in
1538 2059 1813 2113 oculorum
1854 2058 2087 2130 pruritu,
2134 2058 2193 2109 in
2237 2054 2580 2128 ophthalmiis

461 2146 784 2209 inveteratis,
809 2160 858 2201 et
889 2146 959 2200 ad
986 2149 1363 2221 lacrymantes,
1389 2148 1469 2200 vel
1496 2146 1761 2200 fistulosos
1786 2148 1965 2199 oculos
1991 2143 2270 2199 sistendos.

529 2234 857 2309 pompholyx
887 2249 936 2289 et
959 2237 1194 2308 Spodos‚
1217 2237 1299 2290 vel
1335 2235 1589 2307 Spodium
1626 2234 1949 2289 Dioscuridis
1976 2247 2027 2286 et
2058 2233 2288 2287 Galeni
2272 2251 2329 2284 in
2356 2231 2580 2285 officinis

463 2340 608 2375 nunc
633 2324 811 2395 ignota
836 2337 976 2377 sunt.
1007 2325 1343 2379 Dioscorides
1378 2338 1430 2377 et
1452 2323 1686 2377 Galenus
1713 2335 1933 2377 narrant
1956 2322 2356 2394 Pompholygen
2382 2319 2583 2391 duplici

465 2410 668 2462 ratione
687 2410 880 2463 confici
905 2430 1056 2481 posse
1084 2431 1098 2465 :
1129 2413 1212 2465 vel
1235 2412 1296 2465 fit
1332 2430 1396 2465 ex
1425 2411 1541 2464 oris
1572 2412 1783 2463 materia
1815 2410 1872 2462 in
1910 2411 2219 2462 fornacibus
2254 2408 2401 2474 fusa,
2432 2407 2581 2478 cujus

373 2544 382 2551 .
465 2493 637 2549 favilla
655 2495 710 2548 in
731 2496 1156 2551 candidissimum
1176 2510 1226 2553 et
1249 2498 1565 2551 levissimum
1583 2496 1836 2567 pollinem
1856 2496 2173 2559 concrescit3
2200 2495 2284 2551 vel
2302 2492 2580 2547 conficitur

465 2600 530 2635 ex
554 2582 760 2637 cadmia
786 2585 894 2637 sola
917 2585 1107 2637 eximie
1133 2586 1345 2638 follibus
1372 2584 1614 2655 proflata.

532 2669 924 2744 Pompholygos
948 2671 1057 2725 duo
1081 2690 1270 2742 genera
1297 2669 1570 2724 constituit
1600 2668 1929 2722 Dioscorides
1959 2688 1973 2721 ε
1998 2688 2169 2722 unum
2194 2668 2263 2722 ad
2288 2668 2407 2722 aeris
2440 2664 2583 2721 colo-

463 2774 574 2811 rem
600 2778 846 2831 vergens,
865 2760 1194 2831 subpingue3
1211 2761 1434 2813 alterum
1457 2757 1909 2821 candidissimum,
1936 2775 2299 2830 summamque
2315 2756 2579 2813 levitatem

467 2856 698 2897 nactum.

539 2930 780 2984 Candida
817 2934 1142 3006 pompholyx
1183 2934 1274 2999 fit,
1301 2936 1473 3007 inquit
1519 2934 1883 2997 Dioscorides,
1922 2936 2124 3005 quoties
2160 2935 2218 2986 in
2252 2929 2580 3004 perficiendo·

467 3036 602 3083 oere,
629 3018 765 3071 fabri
792 3022 1198 3089 praestantiorem
1228 3022 1396 3075 facere
1420 3024 1675 3085 volentes,
1704 3022 1949 3075 detritam
1969 3022 2228 3076 cadmiam
2258 3020 2580 3074 cumulatius

465 3102 804 3177 insperserint
833 3107 964 3175 (sive
986 3128 1076 3179 per
1105 3108 1244 3164 banc
1269 3109 1533 3163 cadmiam
1562 3121 1747 3163 auctor
1781 3108 2035 3180 intelligat
2064 3126 2256 3163 novam
2284 3107 2537 3160 mineram
2560 3146 2575 3171 ,

465 3191 576 3245 sive
597 3192 852 3247 factitiam
873 3195 1154 3257 cadmiam,
1175 3215 1364 3268 nempe
1377 3197 1575 3249 metalli
1595 3196 1878 3265 fuliginem)
1898 3216 1913 3261 ς
1934 3215 2053 3249 nam
2074 3196 2376 3249 tenuissima
2392 3194 2579 3249 favilla

465 3298 584 3351 «με
611 3280 823 3351 copiose
840 3283 1075 3345 effertur,
1094 3283 1150 3336 in
1178 3285 1571 3357 pompholygen
1590 3284 1715 3337 coit.
1736 3285 1803 3336 At
1824 3303 1950 3337 vero
1974 3282 2349 3337 conficiebatur
2366 3300 2579 3355 quoque

467 3388 534 3423 ex
553 3369 662 3422 sola
687 3370 896 3424 cadmia
915 3371 968 3423 in
995 3372 1298 3425 fornacibus
1315 3373 1590 3425 combusta
1604 3408 1621 3435 ,
1640 3390 1831 3444 nempe
1850 3370 2067 3424 minutis
2086 3371 2304 3426 eadmioe
2323 3370 2579 3444 fragmen-

465 3460 532 3513 tis
549 3458 602 3511 in
621 3460 794 3531 ignem
815 3462 1066 3534 conjectis
1086 3462 1178 3533 qui
1198 3474 1318 3514 ante
1335 3463 1577 3515 orarium
1593 3464 1801 3535 iacebat
1818 3462 2013 3515 follem.
2032 3462 2215 3535 Egesta
2234 3462 2371 3515 enim
2395 3458 2577 3511 suffitu

466 3547 636 3600 tenuis
667 3548 896 3601 materiae
919 3566 1038 3619 pars
1063 3562 1112 3602 et
1148 3549 1303 3615 levis,
1331 3568 1539 3603 camera
1574 3549 1641 3603 ad
1676 3550 1776 3604 hoc
1813 3564 1989 3622 parata
2025 3550 2311 3621 excipitur.
2347 3545 2414 3597 At
2450 3560 2579 3595 vero

466 3637 608 3704 quod
629 3633 900 3687 reflectens
921 3634 978 3686 in
1000 3636 1360 3707 pavimentum
1379 3630 1649 3689 recidebat
1663 3675 1678 3702 ,
1696 3636 1890 3709 spodos
1906 3649 1985 3689 est
2006 3655 2099 3689 seu
2126 3632 2391 3705 spodium.
2408 3627 2583 3698 Nigri-

469 3732 552 3773 cat
567 3736 620 3772 et
639 3722 952 3792 plerumque
969 3721 1296 3793 ponderosus
1326 3736 1406 3776 est
1424 3763 1439 3787 ‚
1473 3736 1605 3777 terra
1628 3737 1680 3778 et
1706 3726 1955 3797 spurcitie
1984 3724 2039 3775 in
2066 3718 2397 3775 acervatione
2417 3713 2584 3766 refer·

471 3819 600 3859 tum.
638 3808 706 3861 Et
743 3828 923 3863 revera
950 3822 1061 3862 erat
1092 3812 1236 3882 quasi
1269 3828 1677 3884 purgamentum
1699 3812 1967 3885 quoddam
1986 3849 2001 3872 ,
2029 3805 2171 3880 quod
2190 3805 2257 3859 ab
2276 3802 2580 3855 mariarum

473 3894 800 3949 officinarum
822 3897 1132 3969 pavimentis
1149 3910 1202 3951 et
1221 3897 1522 3955 fornacibus
1542 3900 1829 3967 everi-itum
1854 3897 1999 3953 unde
2016 3890 2209 3964 spodos
2228 3888 2585 3963 pompholyge

475 3979 626 4051 longe
649 3982 880 4039 deterior
902 3986 1226 4041 censebatur.

2254 4066 2372 4163 174
