2975 4684
1054 393 1373 462 LIBER
1425 391 1751 458 xxxv.
2345 393 2482 489 367

356 547 659 594 somnum
704 522 1087 617 ademptum
1130 523 1251 592 sibi
1300 520 1646 590 volucrum
1679 535 2030 592 concentu.
2083 527 2170 592 At
2205 521 2298 594 illi
2336 527 2486 596 dra·

354 655 588 698 eonem
640 631 707 696 in
756 629 1133 724 longissima
1182 628 1570 698 membrana
1610 628 1946 722 depictum
1993 629 2488 702 circumdedere

354 733 501 804 loco
532 762 548 804 z
580 759 791 828 eoque
834 751 1085 804 terrore
1122 761 1276 804 aves
1304 749 1447 804 tum
1480 732 1732 804 siluisse
1759 749 2066 806 narratur
2081 734 2126 823 ¹,
2163 751 2232 806 et
2258 753 2488 831 postea

354 843 691 935 cognitum
734 855 835 910 cst
876 843 967 910 ita
1010 867 1203 936 posse
1241 841 1594 934 compesci.

458 949 779 1016 XXXIX.
820 949 1009 1016 Ceris
1041 945 1373 1042 pingere¹,
1408 971 1486 1016 ac
1521 947 1850 1041 picturam
1883 947 2144 1016 inurere
2181 951 2330 1041 quis
2365 975 2482 1024 ,ex-
2533 980 2550 1008 ι

352 1055 759 1148 cogitaverit,
778 1078 913 1122 non
932 1054 1504 1142 constat.Quidam
1525 1052 1825 1122 Aristidis
1841 1051 2210 1122 inventum²
2230 1071 2490 1148 putant,

355 1173 581 1252 postea
596 1176 1129 1229 consummatum
1152 1183 1191 1228 a
1219 1158 1562 1228 Praxitele.
1595 1158 1724 1228 Sed
1746 1158 2080 1252 aliquanto
2097 1164 2488 1232 vetustiores

352 1266 741 1334 encausticae
777 1267 1051 1358 picturae
1090 1266 1439 1348 exstitere,
1475 1279 1552 1333 ut
1579 1263 1962 1401 Polygnoti,
1999 1279 2066 1332 et
2103 1263 2488 1352 Nicanoris,

352 1384 419 1438 et
444 1369 751 1440 Arcesilai
791 1356 1201 1440 Pariorum.
1234 1373 1293 1438 Ι
1270 1357 1612 1464 ,ysippus⁴
1641 1395 1904 1464 quoque
1935 1371 2190 1466 AEginae
2215 1373 2492 1464 picturae

352 1499 485 1544 suae
526 1477 861 1568 inscripsit
896 1478 1243 1542 ἐνέκαυσενε
1282 1475 1459 1567 quod
1505 1473 1808 1567 profecto
1843 1500 1978 1544 non
2029 1475 2326 1562 fecisset,
2367 1480 2490 1546 nisi

350 1582 723 1649 encaustica
760 1581 1044 1647 inventa.

456 1689 602 1752 XL.
646 1682 1028 1778 Pamphilus
1046 1683 1061 1708 ¹
1091 1707 1354 1777 quoque
1380 1683 1623 1778 Apellis
1651 1699 2018 1780 praeceptor
2045 1713 2177 1756 non
2205 1687 2490 1786 pinxisse

274 1863 283 1872 ,
349 1803 609 1860 tantum
672 1803 1017 1872 encausta,
1078 1789 1193 1858 sed
1244 1790 1441 1858 etiam
1506 1790 1806 1860 docuisse
1867 1791 2149 1861 traditur
2207 1791 2490 1862 Pausian

346 1893 771 1990 Sicyonium²
810 1897 1095 1987 primum
1138 1898 1207 1964 in
1242 1894 1373 1964 hoc
1415 1919 1658 1989 genere
1693 1894 2000 1965 nobilem.
2041 1899 2276 1966 Brietis
2317 1896 2492 1968 filius

348 2001 461 2070 hic
520 2001 681 2086 fuit,
727 2001 1153 2095 ejusdemque
1210 2003 1426 2129 primo
1491 1999 1871 2094 discipulus,
1941 2003 2163 2071 Pinxit
2232 2017 2300 2070 et
2348 2007 2488 2096 ipse

350 2106 651 2200 penicillo
680 2107 963 2201 parietes
991 2091 1315 2200 Thespiis³
1329 2159 1350 2192 ,
1372 2131 1580 2199 quum
1607 2105 2041 2218 reficerentur
2075 2107 2414 2202 quondam
2447 2135 2488 2178 a

427 2281 740 2334 XXXVIII.
768 2281 1101 2334 1.Nar·.ratue·
1129 2281 1273 2334 Brot·
1309 2299 1373 2333 ex

353 2361 507 2414 MSS.
543 2361 709 2431 Regg.
742 2373 795 2412 et
830 2359 1065 2414 editione
1096 2359 1373 2431 principe.

350 2452 629 2492 narratur.
659 2440 765 2492 En.

430 2519 686 2572 xxxlx.
724 2536 777 2572 1.
810 2517 944 2572 Cet-is
978 2522 1194 2588 pingere.
1224 2515 1376 2570 Ceris

349 2596 703 2652 discoloribus
720 2597 1007 2667 pingebant
1030 2595 1263 2667 antiqui3
1289 2597 1372 2666 pi-

348 2677 947 2749 cturamqueinurebant
964 2698 976 2728 :
994 2674 1141 2746 quod
1153 2695 1377 2745 quomo·

349 2757 423 2810 do
440 2757 623 2820 fieret,
647 2756 885 2810 dicemus
909 2755 1166 2814 inferius..
1194 2771 1239 2805 c.
1276 2759 1303 2814 4
1320 2773 1341 2806 ι
1356 2791 1369 2804 .

350 2837 575 2888 Interim
588 2834 657 2886 de
676 2833 1025 2886 discoloribus
1047 2833 1183 2890 ceris
1200 2833 1375 2884 Varro

350 2915 495 2968 testis
513 2913 581 2966 de
604 2915 680 2965 Re
702 2915 849 2965 Rust.
874 2913 929 2963 11
956 2931 969 2961 ε
1002 2938 1023 2957 ι
1048 2910 1280 2963 Pictores
1300 2911 1377 2962 lo·-

348 2995 545 3046 culatas
570 3009 781 3062 magnas
802 2991 999 3042 habent
1026 2989 1257 3054 arculas,
1282 2990 1374 3042 uhi

348 3072 643 3126 discolores
668 3081 791 3122 sunt
816 3087 965 3124 certe.
992 3095 1014 3116 ι
1050 3067 1209 3119 12-
1230 3071 1375 3138 Quis.

350 3153 500 3205 Brot.
516 3157 601 3222 qui
614 3155 799 3220 primus
822 3151 1182 3218 excogitaverit.
1210 3149 1315 3202 En.

436 3252 486 3284 2.
519 3231 731 3300 Quidam
764 3229 999 3282 Aristidis
1026 3231 1262 3280 inventum
1282 3248 1375 3298 pu·

350 3322 471 3362 eane.
502 3313 631 3381 Ejus
662 3310 757 3380 qui
792 3307 1049 3378 Polycleti
1079 3305 1375 3376 discipulus

350 3389 483 3454 tuit,
536 3389 605 3442 de
660 3407 807 3460 quo,
848 3387 1109 3452 XXXIV,
1157 3405 1245 3456 ¹9·
1290 3387 1374 3438 De

352 3469 604 3522 Praxitele
632 3466 849 3522 ibidem.
874 3468 1055 3522 Hui».

432 3548 489 3600 3.
528 3549 773 3601 Arcesilai
807 3547 1081 3598 Pariorum.
1116 3545 1293 3598 Pinxit
1328 3545 1371 3598 is

350 3626 405 3678 in
433 3628 631 3682 Piraeo
650 3647 773 3680 cum
794 3625 977 3678 liberis
996 3626 1102 3678 suis
1122 3624 1371 3678 Leosthe-

350 3723 501 3771 ncm,
526 3709 621 3778 qui
649 3703 1045 3760 Atheniensium
1074 3718 1127 3756 et
1153 3705 1371 3758 Graeco-

347 3803 467 3838 rum
498 3788 723 3839 aliorum
758 3783 864 3837 dux
896 3784 1023 3838 vicit
1050 3781 1373 3837 Macedonas

350 3876 451 3926 ter,
466 3865 520 3916 in
543 3866 769 3928 Boeotia,
788 3862 857 3918 ad
878 3863 1269 3935 Thermopylas
1282 3903 1297 3926 ‚
1319 3875 1373 3916 et

346 3939 416 3996 ad
456 3941 688 3998 Zamiam
724 3944 965 3998 fluvium.
1000 3943 1280 3998 Pausanias
1316 3943 1373 3994 in

350 4021 575 4086 Atticis,
598 4025 625 4076 1
642 4063 659 4088 ,
686 4042 737 4092 p.
762 4043 815 4078 2.
836 4023 975 4076 Du..

1548 2287 1602 2343 4.
1638 2283 1892 2374 Lysippus.
1925 2283 2048 2336 Hoc
2085 2283 2249 2354 igitur
2273 2284 2490 2338 tertium

1459 2379 1601 2430 opus
1634 2379 1700 2412 ex
1730 2361 1794 2414 iis
1833 2374 1941 2426 est,
1975 2381 2093 2432 quae
2133 2363 2373 2416 absolute
2408 2366 2489 2416 in-

1461 2439 1655 2509 scripta
1701 2440 1860 2494 fuisse
1899 2443 2152 2495 scribitur
2201 2443 2254 2494 in
2299 2445 2490 2513 praefa-

1461 2519 1608 2570 tione
1638 2515 1706 2569 ad
1741 2520 1962 2586 Titum,
2001 2539 2130 2574 tm
2157 2539 2352 2576 rnen·-
2337 2559 2351 2574 .
2377 2542 2490 2576 non

1459 2594 1730 2666 pendente
1769 2598 1958 2662 titulo,
2001 2619 2132 2652 rm
2171 2620 2438 2654 nemun·
2473 2625 2486 2654 :

1458 2675 1563 2728 hoc
1581 2688 1660 2727 est
1679 2713 1696 2736 .‚
1721 2695 1828 2728 non
1854 2678 2114 2740 Λύσιππος
2141 2683 2372 2740 ἐκκαίει,
2397 2682 2492 2736 aed

1460 2755 1828 2810 ATCIIIIIOC.
1857 2759 2268 2812 BNEKAHEN.
2305 2759 2372 2813 Η.
2409 2794 2492 2804 —

1458 2835 1712 2903 Inscripsit
1733 2837 2010 2890 ἐνίκαυσιν.
2032 2837 2248 2895 Inussit.
2265 2837 2392 2894 Haec
2414 2855 2490 2894 est

1460 2913 1760 2968 encaustica
1813 2915 2020 2986 pictura
2051 2955 2068 2981 ,
2125 2919 2488 2991 l'eucaustique.

1460 2992 1579 3046 Hoc
1609 2995 1810 3046 saecnlo
1848 3013 1908 3048 ea
1941 2996 2188 3050 excelluit
2222 2999 2305 3051 Cl.
2333 2999 2490 3050 Zou-

1458 3089 1549 3124 no.
1573 3073 1742 3126 Bnooe.

1541 3151 1658 3203 XL.
1695 3171 1743 3204 ι.
1777 3151 2078 3222 Pamphilus.
2109 3155 2188 3207 De
2230 3175 2338 3227 quo
2377 3157 2490 3229 egi-

1462 3247 1586 3282 mus
1615 3249 1778 3300 supra
1805 3251 1922 3302 cap.
1953 3234 2046 3285 36.
2079 3234 2263 3288 Hnn.

1545 3330 1598 3362 π.
1631 3311 1850 3365 Pausian
1879 3311 2172 3383 siqonium.
2203 3313 2354 3370 Idem
2388 3318 2492 3370 sor·

1460 3389 1608 3442 tassis
1655 3391 1749 3460 qui
1786 3402 1840 3443 et
1889 3392 2114 3449 Peucon.
2165 3396 2298 3465 Ejus
2352 3395 2490 3448 festi-

1458 3485 1586 3520 vum
1609 3466 1812 3522 dictum
1833 3473 1993 3524 refert
2017 3474 2272 3537 AElianus,
2289 3475 2488 3527 Ilistor.

1461 3548 1555 3600 lib.
1579 3549 1732 3614 XIV,
1755 3569 1876 3621 cap.
1904 3573 1920 3604 1
1935 3553 1988 3604 5.
2010 3554 2146 3604 Du..
2171 3553 2484 3604 ——Pausiam

1460 3628 1680 3682 Παυσίου
1710 3630 1932 3700 pictoris
1957 3649 2118 3701 opera
2144 3629 2323 3683 laudat
2354 3631 2490 3682 Pau·

1461 3725 1574 3760 sam
1625 3708 1680 3758 in
1738 3710 1988 3764 Corinth.
2037 3711 2120 3770 11,
2183 3727 2305 3778 pag.
2357 3707 2488 3772 234.

1462 3787 1746 3852 Horat.11,
1769 3791 1882 3842 Sat.
1899 3807 1952 3859 7,
1974 3807 2025 3838 v.
2053 3787 2126 3853 95
2147 3807 2158 3836 :
2177 3788 2306 3838 -Vel
2322 3805 2488 3856 quum

1460 3865 1714 3920 Pausiaca
1749 3881 1962 3938 torpes,
1996 3867 2202 3927 insane,
2222 3866 2432 3918 tabella.
2455 3893 2480 3914 .

1545 3945 1600 3998 3.
1629 3947 1805 3999 Pinxit
1833 3959 1881 3998 ee
1905 3949 2004 4016 ipse
2031 3943 2259 4014 penicillo
2280 3949 2491 4014 parietes

1471 4025 1703 4094 Thespiis.
1743 4025 1957 4078 Pausias
1992 4023 2208 4076 scilicet.
2243 4026 2330 4078 Sic
2369 4026 2490 4080 libri
