2975 4684
1113 361 1416 431 LIBER
1465 361 1782 429 XXXV.

2376 362 2515 459 397

384 485 572 559 Italia
602 514 616 555 ε
651 506 718 561 et
755 490 1036 561 calicum
1079 478 1428 580 tantum¹⁵,
1465 496 1892 577 Surrentum,
1930 492 2119 577 Asta,
2165 492 2511 565 Pollentia:

387 600 452 665 in
501 599 813 691 Hispania
861 601 1266 694 Saguntum,
1309 600 1378 667 in
1430 600 1587 668 Asia
1644 602 2057 693 Pergamum.
2126 600 2391 671 Habent
2447 618 2515 672 et
2549 616 2582 671 3

382 702 630 772 Tralles
659 728 862 797 opera
892 729 1040 791 sua,
1070 707 1332 775 Mutina
1361 707 1430 774 in
1454 704 1690 775 ltalia:
1724 706 2033 798 quoniam
2062 718 2129 773 et
2160 706 2253 775 sic
2285 722 2513 801 gentes

387 808 836 879 nobilitantur.
885 814 1042 879 Haec
1086 836 1350 906 quoque
1399 836 1521 906 per
1564 811 1771 879 maria
1813 825 2153 904 terrasque
2202 811 2379 882 ultro
2422 816 2511 883 ci-

385 929 618 1009 troque
662 930 1036 1011 portantur,
1071 918 1434 1012 insignibus
1477 932 1639 987 rotae
1679 915 1981 985 officinis.
2034 905 2400 1011 Erythris¹6
2442 923 2511 989 in

385 1020 634 1116 templo
685 1022 1014 1116 hodieque
1055 1022 1498 1093 ostenduntur
1533 1022 1871 1117 amphorae
1910 1021 2057 1089 duae
2094 1039 2369 1119 propter
2406 1042 2510 1095 te-

385 1129 704 1196 nuitatem
734 1144 1158 1213 consecratae,
1183 1128 1483 1224 discipuli
1503 1129 1935 1223 magistrique
1956 1131 2344 1213 certamine,
2367 1148 2512 1203 uter

383 1235 750 1303 tenuiorem
784 1234 1064 1303 humum
1103 1236 1394 1303 duceret.
1439 1236 1601 1305 Cois
1642 1234 1784 1303 laus
1828 1232 2109 1301 maxima
2146 1257 2161 1299 :
2208 1234 2511 1307 Adrianis

383 1338 708 1411 firmitas¹⁷
732 1366 748 1407 ε
775 1338 1112 1409 nonnullis
1139 1342 1312 1411 circa
1338 1340 1468 1409 hoc
1492 1341 1857 1409 severitatis
1884 1362 2147 1433 quoque
2168 1341 2505 1437 exemplis.

382 1559 451 1610 Et
478 1559 630 1619 XIV,
665 1576 749 1627 ep.
781 1576 1006 1620 mxxxix,
1033 1560 1186 1627 cujus
1209 1560 1399 1611 lemma

379 1648 454 1689 est
471 1656 487 1690 ι
504 1662 525 1683 ι
537 1638 674 1688 Vasa
691 1637 964 1688 Arretina:
990 1638 1224 1690 Arretina
1241 1639 1400 1691 nimis

377 1732 446 1767 ne
468 1734 686 1784 spernas
715 1734 836 1768 vasa
865 1734 1140 1769 monemus
1165 1738 1178 1767 ε
1203 1718 1406 1771 Lautus·

377 1806 490 1847 erat
531 1794 718 1847 Tuscis
769 1796 996 1847 Porsena
1049 1796 1314 1849 fictilibus.
1365 1820 1390 1845 ι

375 1872 546 1929 Tusca
571 1873 751 1927 fictilia
777 1886 957 1936 vocat,
981 1873 1130 1945 quod
1152 1876 1218 1927 sit
1239 1876 1398 1930 Etru-

373 1952 468 2005 riae
511 1953 622 2005 sive
669 1953 874 2005 Tuscia
921 1952 1185 2024 oppidum
1233 1957 1396 2009 Arre-

373 2030 506 2084 tium
523 2070 538 2095 ,
565 2033 757 2085 Art-zze
772 2073 788 2099 ,
805 2032 898 2085 ubi
919 2031 1188 2104 hodieque
1208 2036 1395 2104 primm

373 2112 847 2165 commendationis
877 2112 1057 2182 figlina
1094 2125 1217 2165 sunt
1238 2118 1394 2168 Arre·

373 2190 496 2243 tina.
534 2192 614 2244 De
642 2192 898 2245 calicibus
936 2193 1198 2244 Arretinis
1229 2206 1394 2247 exstat

373 2268 504 2323 illud
529 2271 758 2341 Virgilio
793 2288 1006 2324 carmen
1034 2270 1388 2344 adscriptum,

373 2348 512 2400 inter
532 2352 902 2419 epigrammata
936 2369 963 2402 a
988 2350 1194 2404 Pithoeo
1221 2350 1390 2417 edita,

373 2445 493 2495 pag.
533 2429 638 2480 36:
669 2456 692 2477 ι
723 2429 973 2483 Arretine
1007 2430 1140 2483 calix
1161 2470 1175 2493 ‚
1198 2433 1392 2484 mensis

373 2503 620 2559 decorate
631 2509 881 2577 paternis,
897 2510 1034 2562 Ante
1049 2510 1181 2562 Maii
1197 2510 1390 2565 medici

371 2602 534 2655 quam
559 2586 694 2641 bene
712 2606 866 2641 sanus
886 2606 1016 2641 eras.
1040 2615 1062 2637 ι
1093 2589 1270 2642 Hsnn.

457 2668 546 2719 15.
575 2668 646 2719 Et
673 2668 874 2719 calicum
903 2680 1100 2721 tantum.
1130 2670 1206 2721 Ut
1240 2688 1392 2722 vaso·

372 2762 490 2797 rum
511 2745 748 2799 fictilium
767 2782 784 2809 ,
808 2747 1010 2817 inquit,
1035 2749 1090 2799 in
1114 2748 1392 2801 esculentis

369 2825 698 2877 nobilitatem
721 2825 914 2877 retinet
933 2826 1200 2878 Arretium
1221 2828 1274 2877 in
1293 2829 1394 2879 Ita-

372 2902 442 2955 lia
469 2924 481 2952 :
509 2904 576 2963 ita
593 2940 608 2965 ,
631 2902 723 2955 sed
755 2903 972 2955 calicum
1005 2916 1208 2957 tantum
1235 2905 1394 2958 ‘nobi-

368 2981 515 3034 litate
533 2980 989 3046 commendantur,
1006 2983 1060 3035 in
1077 2982 1258 3035 eadem
1275 3002 1394 3054 par-

371 3073 422 3112 te
440 3073 694 3113 terrarum
709 3098 724 3123 ,
741 3058 1056 3114 Surrentum
1072 3100 1087 3125 ,
1104 3066 1248 3127 Asta,
1268 3063 1393 3119 Pot-

371 3140 530 3192 lentia
549 3179 564 3203 ,
587 3139 642 3192 in
671 3140 920 3209 Hispania
943 3142 1264 3213 Saguntum,
1285 3156 1386 3197 etc.

369 3218 516 3271 Libri
543 3238 726 3271 omnes
753 3218 880 3273 editi
919 3220 1060 3285 fere,
1095 3222 1152 3273 in
1176 3224 1390 3294 primis·

295 3324 304 3331 ·
367 3316 472 3368 que
489 3300 664 3351 Elzev.
691 3298 875 3363 editio,
891 3300 1388 3374 hicinterpungunt,

375 3404 398 3425 ι
445 3391 495 3431 et
553 3378 774 3431 calicum
837 3391 1038 3433 tantum
1099 3400 1114 3433 τ
1164 3382 1387 3434 Surren-

369 3468 480 3509 tum
505 3496 520 3521 ,
566 3470 664 3512 etc.
700 3484 720 3505 ι
755 3460 830 3511 Ut
872 3458 940 3511 ad
977 3460 1281 3525 Arretium,
1321 3459 1388 3514 de

369 3554 476 3607 quo
495 3540 736 3607 proxime
755 3550 926 3602 antea,
948 3556 1056 3591 non
1078 3539 1143 3592 ad
1163 3542 1388 3593 Surren-

369 3628 478 3668 tum
495 3618 712 3686 pariter,
729 3630 1021 3691 caeteraqne
1035 3636 1152 3690 quae
1165 3636 1390 3691 sequun-

367 3706 454 3747 tur
483 3696 710 3767 oppida‚
739 3698 958 3750 calicum
995 3696 1095 3751 dos
1131 3698 1226 3752 ista
1265 3718 1386 3769 per·

365 3776 556 3836 tineat,
589 3790 644 3830 et
686 3776 899 3847 quidem
940 3778 1069 3830 sola.
1115 3779 1277 3850 Atqui
1317 3776 1384 3831 ad

369 3854 638 3908 Arretium
653 3870 888 3927 spectare
903 3875 1020 3909 vasa
1035 3876 1152 3928 quae
1169 3859 1220 3909 iu
1237 3876 1382 3911 escu-

363 3932 518 3985 lentis
537 3933 876 3999 adhibentur,
908 3936 1202 4007 calicesque
1226 3956 1382 4009 supe·

363 4010 473 4063 rius
505 4012 980 4069 demonstravimus
1007 4034 1024 4068 τ
1050 4018 1234 4071 calices
1265 4017 1386 4070 Sur·

1489 1556 1757 1622 reatinos,
1809 1556 2257 1628 Saguntinosque‚
2298 1570 2350 1610 et
2386 1558 2512 1611 Pol-

1487 1637 1719 1690 lentinos
1749 1636 1952 1689 laudari
1975 1654 2004 1688 a
2037 1636 2278 1689 Martiale
2307 1637 2505 1695 audiot:

1485 1733 1605 1769 vasa
1636 1716 1859 1780 escaria,
1886 1734 1995 1768 non
2036 1716 2256 1768 memini
2287 1736 2507 1787 usquam

1488 1812 1575 1847 me
1588 1796 1780 1866 legere.
1799 1797 1981 1865 Itaque
1994 1793 2083 1846 ille
2100 1796 2333 1865 primum
2352 1797 2509 1863 xlv,

1484 1890 1569 1943 ep.
1593 1891 1701 1939 cn,
1734 1876 1819 1926 cui
1850 1875 2034 1927 titulus
2066 1890 2081 1925 :
2110 1898 2133 1921 ι
2162 1876 2359 1927 Calices
2387 1876 2509 1929 Sur-

1481 1953 1679 2005 rentini
1708 1970 1723 2005 :
1748 1952 1946 2024 Accipe
1978 1970 2084 2005 non
2117 1953 2207 2007 viti
2232 1952 2415 2007 calices
2439 1954 2507 2008 de

1479 2033 1700 2105 pulvere
1717 2046 1870 2085 natos
1880 2029 2017 2097 ,Sed
2035 2031 2359 2085 Surrentinae
2376 2034 2505 2087 lawe
2580 2086 2583 2089 ,

1483 2123 1724 2163 toreuma
1750 2125 1895 2165 rota.
1919 2136 1943 2158 v·
1970 2111 2287 2182 Saguntinos
2308 2112 2505 2167 deinde

1480 2190 1606 2242 libri
1631 2190 1869 2261 eiusdem
1891 2209 1976 2261 ep.
2002 2208 2171 2257 cun,
2193 2192 2281 2245 cui
2310 2192 2506 2247 lemma

1481 2268 1760 2339 praefixum
1783 2308 1800 2335 ,
1855 2293 1877 2315 ι
1907 2270 2109 2323 Calices
2166 2270 2439 2341 Saguntini
2484 2294 2499 2323 =

1479 2348 1613 2413 Quae
1638 2368 1747 2401 non
1783 2349 2037 2403 sollicitus
2062 2363 2267 2414 teneat,
2305 2362 2503 2404 servet-

1478 2446 1585 2499 que
1610 2429 1870 2492 minister,
1900 2430 2061 2481 Sume
2088 2429 2386 2500 Saguntino
2408 2449 2507 2501 po·

1479 2508 1597 2559 cula
1610 2507 1731 2561 fieta
1748 2509 1883 2561 luto.
1897 2533 1919 2554 ι
1929 2508 2255 2562 Pollentinos
2270 2506 2501 2580 denique

1479 2586 1636 2647 xlv,
1670 2604 1753 2656 ep.
1795 2604 1943 2640 cnm
1962 2626 1977 2651 ,
2018 2587 2177 2639 allato
2231 2607 2261 2642 a
2312 2590 2499 2654 nobis,

1479 2664 1735 2729 mmm,
1750 2668 1841 2735 78.
1860 2666 1929 2719 Et
1948 2663 2017 2718 de
2036 2666 2501 2733 Surrentina,Pol-·

1477 2744 1785 2815 lentinaque
1801 2745 1957 2797 simul
1977 2747 2407 2817 terra‚flngendis
2418 2767 2502 2802 ca·

1475 2824 1665 2877 licibus
1688 2823 1910 2895 potoriis
1932 2825 2159 2901 expetita
2178 2868 2194 2889 ,
2224 2840 2387 2881 exstat
2410 2846 2501 2879 ve·

1479 2914 1564 2956 tus
1578 2904 1905 2973 epigramma
1925 2920 2153 2974 gracum
2175 2906 2497 2974 Macedonii,

1475 3000 1601 3036 sane
1612 3000 1721 3034 non
1736 2981 2019 3052 inelegans,
2038 2984 2091 3035 in
2106 2983 2261 3038 MSS.
2284 2985 2497 3040 nostris.

1477 3063 1737 3131 Συρῥίντου
1785 3064 1988 3131 τρηχιῖα
2002 3100 2019 3125 ,
2078 3065 2307 3133 ‘sopimus
2356 3068 2497 3137 χαῖρε

1476 3142 1608 3197 κονίη
1624 3178 1639 3204 ,
1664 3140 2105 3194 ΚαὶΠολλεντ-ίνων
2132 3146 2257 3213 γαῖα
2275 3152 2501 3215 μελιχρο-

1475 3220 1634 3275 τάτῆ·
1656 3208 1752 3279 net
1778 3218 1873 3290 γὰρ
1898 3221 1949 3273 αἶ
1982 3222 2289 3289 nutribant,
2324 3225 2409 3294 ἀφ’
2432 3220 2495 3278 ὧν
2556 3264 2561 3271 -

1477 3295 1761 3370 βρομιῶδεα
1786 3300 1937 3355 πηλὸν
1955 3295 2179 3371 Φῦρησαν
2200 3306 2380 3375 Βάκχῳ
2400 3324 2500 3375 τρι-

1475 3380 1639 3449 ζυγέις
1666 3378 1881 3449 χάριτας.
1916 3401 1937 3423 ⁸
1973 3380 2315 3452 Unguentum
2344 3382 2497 3436 redo-

1476 3458 1589 3511 lens
1624 3460 1864 3511 Surrenti
1895 3462 2179 3530 asperrime
2201 3464 2399 3532 pulvis‚
2430 3462 2499 3513 Et

1474 3538 1783 3591 Pollentina
1830 3540 2016 3593 mellea
2059 3540 2209 3612 gleba
2258 3542 2425 3611 plagas
2476 3558 2491 3590 :

1475 3618 1588 3671 Vos
1606 3636 1706 3688 ego
1728 3636 1935 3689 semper
1954 3638 2077 3673 amo
2091 3658 2107 3683 ,
2130 3618 2197 3671 de
2222 3620 2370 3689 queis
2393 3618 2492 3669 sibi

1475 3714 1685 3751 sumere
1708 3699 1894 3751 limum
1918 3694 2249 3751 Miscendum
2280 3696 2494 3749 Bromio

1473 3777 1655 3831 Gratia
1688 3778 1823 3829 trina
1846 3777 1997 3832 solet.
2026 3802 2048 3823 ι
2078 3774 2254 3827 Hann.

1561 3862 1647 3911 16.
1700 3858 1945 3929 Ery-elaris.
2002 3856 2067 3906 In
2116 3852 2292 3906 Ionia.
2332 3854 2493 3907 Conf.

1471 3936 1566 3989 lib.
1596 3938 1704 3995 111,
1729 3954 1842 4006 cap.
1872 3933 1961 3985 31.
1986 3932 2165 3985 Hann.

1561 4036 1643 4085 17.
1690 4016 1805 4068 Cois
1832 4016 1935 4065 taus
1964 4016 2171 4064 maxima
2203 4026 2222 4059 ··
2255 4012 2493 4067 Adtiauis
