2975 4684
1074 413 1380 481 LIBER
1431 367 1799 480 Xxxtv.

379 547 535 640 quia
566 543 943 640 philosophi
975 556 1117 612 erat
1139 529 1210 630 ¹⁸,

376 653 572 721 inane
607 649 985 745 exemplum
1002 649 1070 717 ¹⁹.

2355 408 2491 478 203

1240 557 1313 610 ut
1335 541 1549 612 obiter
1569 542 1699 612 hoc
1726 565 1987 636 quoque
2021 551 2338 608 noscatur
2358 556 2493 609 tam
2587 571 2591 576 ·

482 757 564 826 In
602 759 933 826 mentione
970 770 1333 826 statuarum
1372 769 1470 823 est
1521 769 1588 822 et
1638 769 1768 822 una
1813 777 1947 821 non
1997 751 2479 846 praetereunda,
2517 769 2582 827 42

378 863 531 934 licet
582 865 869 933 auctoris
906 859 1203 930 incerti²⁰
1208 915 1226 946 ,
1259 861 1446 956 juxta
1479 858 1782 930 Rostra²¹
1791 909 1808 940 ‚
1847 857 2161 987 Herculis3
2189 859 2492 941 tunicati,

380 969 554 1040 Eleo
559 965 848 1038 habitu²²
854 969 1161 1054 ,‚Romae
1201 983 1393 1036 torva
1420 967 1632 1048 facie,
1667 949 2161 1055 sentientequess
2149 973 2496 1100 suprema

380 1078 451 1144 in
501 1077 744 1144 tunica.
805 1077 885 1143 In
924 1074 1051 1144 hac
1088 1089 1221 1142 tres
1258 1087 1413 1143 sunt
1445 1070 1670 1142 tituli.

1720 1073 1798 1139 L.
1848 1056 2173 1138 Luculli²¹¹
2213 1073 2493 1160 impera·

383 1182 571 1262 torn,
596 1180 679 1250 de
702 1181 1079 1250 manubiis.
1124 1179 1311 1266 alter,
1338 1178 1661 1274 pupillum
1697 1174 1958 1246 Luculli
1985 1143 2192 1241 filium
2209 1199 2296 1242 ex
2323 1178 2386 1242 S.
2415 1177 2494 1244 C.

382 1283 761 1356 dedicasse.
804 1290 1081 1369 tertius,
1113 1289 1188 1353 T.
1223 1287 1614 1413 Septi⁵mium
1649 1283 1964 1351 Sabinum
2009 1277 2261 1346 aedil'em
2304 1303 2496 1348 curu—

384 1390 509 1460 lem
537 1417 617 1460 ex
642 1394 902 1486 privato
924 1393 993 1457 in
1014 1373 1417 1483 publicum²⁵
1453 1370 2040 1457 restituisse-'108⁶
2069 1387 2502 1453 certaminum

383 1511 709 1590 tantaeque
746 1497 1147 1586 dignationis
1185 1492 1606 1562 simulacrum
1643 1492 1710 1561 id
1747 1492 1894 1560 fuit.

384 1660 522 1712 Cato
542 1657 733 1718 minor,
754 1657 863 1708 sive
881 1655 1167 1708 Uticensis.
1189 1655 1407 1710 Clodius
1493 1659 1614 1710 tabe

1675 1657 1867 1709 veneni
1930 1657 2134 1709 imbuta
2148 1693 2166 1720 ,
2223 1653 2513 1708 visceribus

384 1738 636 1790 tribunus
656 1736 798 1806 pleb.
822 1736 1061 1804 Cyprum
1084 1732 1410 1805 adjudicat-at
1493 1740 1605 1807 ejus
1647 1736 1881 1801 inhaesit,
1927 1747 2204 1806 tantosque
2247 1734 2510 1787 cruciatus

386 1815 597 1887 populo
626 1829 845 1867 romano
870 1813 937 1865 ad
960 1830 1115 1884 quam
1135 1814 1407 1885 possiden-

385 1893 511 1948 dam
536 1893 721 1946 missus
742 1905 819 1945 est
838 1892 1142 1946 Cathide
1157 1893 1403 1946 Ciceron.

382 1973 551 2046 Epist.
584 1973 727 2024 Fam.
757 1973 881 2037 XV,
910 1978 971 2036 4;
998 1971 1290 2036 Velleium,
1318 1973 1402 2035 11,

385 2073 439 2106 n.
473 2052 543 2116 45
564 2092 579 2117 ,
606 2064 658 2104 et
686 2051 954 2104 Plutarch.
981 2069 1101 2121 pag.
1130 2055 1260 2121 776.
1291 2052 1357 2104 H.

471 2150 494 2184 1
506 2133 561 2186 8.
580 2131 681 2184 Sed
698 2135 813 2202 quia
826 2131 1239 2199 philosoplu'erat.
1251 2131 1405 2194 Quos

388 2209 665 2283 diligebat,
692 2227 858 2280 quum
878 2227 1106 2280 proavus
1132 2212 1243 2281 ejus
1271 2211 1403 2264 Cato

390 2293 555 2362 major
594 2289 805 2342 Graecos
830 2307 1012 2340 omnes
1051 2287 1261 2341 odisset.
1298 2289 1403 2341 Pli-

388 2369 527 2433 nius,
546 2369 673 2430 vn,
702 2370 793 2433 61,
810 2365 879 2420 de
905 2379 1137 2439 utroque
1166 2369 1401 2421 Catone:

392 2469 415 2490 «ι
442 2449 649 2512 Quanta
678 2465 887 2499 morum
910 2447 1283 2500 commutatio!
1308 2448 1405 2500 Ille

393 2543 598 2596 semper
623 2526 818 2597 alioqui
846 2525 1119 2580 universos
1153 2545 1217 2578 ex
1255 2527 1405 2579 Italia

394 2603 667 2676 pellendos
684 2606 887 2657 censuit
913 2604 1128 2658 Graecos
1161 2627 1173 2656 ε
1202 2619 1254 2658 at
1276 2623 1406 2676 pro-

390 2699 555 2755 nepos
592 2687 704 2753 ejus
736 2683 1000 2736 Uticensis
1038 2685 1202 2748 Cato,
1236 2703 1406 2737 unum

393 2781 453 2815 ex
522 2764 797 2816 tribunatu
876 2761 1106 2814 militum
1168 2763 1405 2832 philoso-

390 2841 579 2912 phum,
594 2843 819 2892 alterum
844 2857 913 2890 ex
927 2841 1125 2912 Cypria
1146 2841 1407 2912 legatione

391 2919 711 2992 deportavit.
744 2943 768 2964 ι
796 2917 975 2970 lium.

478 3017 569 3068 19.
608 2999 729 3049 Tam
758 3001 899 3048 inane
939 2999 1217 3066 exemplum.
1254 2999 1409 3052 Levi-

393 3079 512 3132 tntis
548 3076 885 3146 exemplum,
925 3075 1069 3146 quod
1103 3095 1193 3129 eos
1231 3077 1411 3150 dilige-

393 3159 501 3224 bat,
514 3170 575 3210 nt
591 3155 841 3217 diximus,
860 3173 996 3226 quos
1018 3173 1248 3227 proavus
1270 3157 1409 3210 odis-

393 3250 482 3290 set.
511 3239 697 3290 Esau.

479 3335 566 3368 πο.
596 3316 735 3366 Licet
753 3317 961 3365 auctoris
983 3317 1165 3366 incerti.
1188 3315 1311 3368 Non
1334 3314 1409 3368 ita

397 3395 533 3448 bene
578 3393 729 3446 MSS.
774 3391 933 3464 Regg.
967 3391 1097 3446 edit.
1139 3395 1311 3465 princ.
1358 3407 1410 3448 et

398 3475 479 3529 cl.
508 3472 863 3533 Rezzonicus,
898 3491 1167 3544 quanquam
1195 3485 1411 3526 auctores

400 3557 581 3606 incerti.
611 3553 757 3604 Brot.
786 3571 1053 3624 quanquam
1095 3557 1301 3604 auctoris
1342 3557 1413 3606 ἰη-

400 3638 527 3686 certi.
553 3630 659 3684 En-

478 3729 567 3764 21.
596 3711 750 3763 Juxta
770 3709 964 3761 Rostra.
980 3709 1044 3760 In
1068 3709 1184 3760 foro
1212 3711 1409 3764 Roma-

402 3806 500 3855 no,
546 3791 763 3860 regione
808 3787 974 3842 Urbis
1012 3801 1213 3842 octava.
1241 3790 1312 3842 H.

484 3889 569 3923 ιη.
599 3870 723 3922 Eleo
752 3867 933 3920 habitu.
965 3867 1203 3920 Turneh.
1232 3867 1404 3923 Advv.

410 3945 564 4012 XVI,
627 3968 691 4002 12
714 3987 731 4014 ‚
788 3947 919 4017 legit
967 3945 1153 4000 OEeaeo
1201 3949 1365 4002 laabim
1391 3973 1411 4004 .·

408 4037 591 4098 nempe
636 4027 815 4081 tunica
866 4027 955 4079 ina
1010 4024 1248 4094 molesta,
1294 4049 1413 4100 quoe

1488 1817 1766 1880 excitavit,
1815 1829 1874 1869 ut
1913 1815 1968 1867 in
2006 1812 2278 1866 ardentem
2314 1831 2506 1882 pyram

1488 1897 1754 1964 conjicere
1780 1912 1836 1947 se
1873 1895 2142 1957 maluerit,
2169 1911 2328 1962 quam
2360 1909 2501 1945 acer-

1484 1976 1616 2026 bum
1647 1973 1889 2026 dolorem
1915 1974 2152 2044 perferre
2187 1970 2400 2024 diutius.
2433 1971 2503 2026 Η.

1486 2084 1566 2094 —-·
1583 2053 1723 2106 Eleo.
1752 2053 1894 2105 Brot.
1925 2072 1986 2105 ex
2007 2053 2279 2112 Tui-nebo,
2316 2051 2506 2104 OEeaeo

1485 2131 1652 2184 habitu
1670 2173 1683 2192 ‚
1719 2149 2022 2204 quanquam
2052 2139 2328 2183 contextus
2359 2129 2507 2183 exiii-

1485 2212 1579 2263 het
1603 2211 1760 2264 OEtoe
1775 2249 1792 2275 ‚
1815 2226 2101 2282 open-arum
2125 2227 2327 2262 errore.
2355 2210 2460 2262 En.

1568 2292 1658 2343 23.
1702 2289 2050 2362 Seutienteque.
2097 2289 2221 2358 Leg.
2264 2291 2507 2343 soem'ente.

1488 2369 1610 2422 Non
1635 2383 1832 2422 temere
1862 2371 1965 2422 fuit
1999 2369 2255 2420 Hercules
2289 2368 2360 2419 ita
2399 2367 2508 2420 sor-

1491 2462 1658 2501 matus
1675 2489 1688 2510 ‚
1717 2448 1858 2519 apud
1886 2449 2084 2502 Athen.
2115 2447 2207 2500 lib.
2237 2449 2365 2500 XII.
2389 2446 2508 2500 Ste-

1488 2525 2028 2580 sichorusHimeraeus
2046 2528 2251 2598 primus
2262 2527 2509 2580 omnium

1491 2607 1690 2660 clavam
1709 2647 1726 2670 ,
1756 2607 1925 2659 leonis
1951 2607 2173 2676 pellem,
2202 2626 2382 2660 arcum
2411 2608 2508 2660 tri-

1491 2685 1608 2738 buit
1631 2685 1848 2738 Herculi
1881 2707 1892 2735 :
1927 2685 2170 2738 Xanthus
2201 2704 2326 2740 vero
2353 2685 2510 2740 Stesi-

1491 2767 1656 2818 choro
1676 2759 1952 2825 vetustior,
1976 2783 2006 2816 e
2023 2767 2171 2834 cujus
2192 2766 2428 2822 versibus
2453 2767 2510 2818 in

1493 2863 1627 2916 opus
1638 2861 1793 2898 suum
1811 2842 1978 2896 multa
1998 2845 2326 2896 Stesichorus
2342 2856 2510 2898 trans-

1494 2925 1614 2976 tulit
1635 2963 1651 2988 ,
1701 2923 1890 2975 habitu
1946 2923 2265 2988 Homerico,
2316 2941 2512 2995 nempe

1493 3004 1793 3074 priscorum
1833 3002 2057 3054 heroum
2086 3001 2364 3072 depinxit:
2405 3021 2510 3074 qua

1491 3082 1661 3153 figura
1711 3101 1740 3133 a
1783 3080 2036 3134 statuario
2079 3082 2173 3133 illo
2217 3081 2512 3148 tunicatus,
2565 3129 2570 3136 .

1491 3175 1544 3215 et
1567 3161 1700 3214 Eleo
1725 3161 1873 3212 cultu
1899 3173 2296 3230 repraesentatus
2320 3161 2506 3219 fuerat.

1491 3241 1630 3292 Du..
1651 3269 1728 3278 ——
1749 3238 2078 3312 Sentienteque
2106 3237 2340 3311 suprema.
2375 3243 2512 3296 Sen-

1493 3319 1601 3373 tien
1609 3330 1659 3371 te
1675 3320 1730 3371 in
1744 3337 1803 3372 ea
1817 3321 1998 3372 tunica
2007 3339 2313 3391 supremum
2327 3319 2508 3376 finem.

1575 3405 1665 3462 ²4·
1695 3397 1757 3449 L.
1785 3400 1996 3452 Luculli.
2023 3399 2182 3469 Ejus,
2203 3400 2298 3472 qui
2324 3399 2511 3452 sdver-

1493 3495 1579 3530 sus
1599 3475 1964 3532 Mithridatem
1989 3479 2125 3532 bella
2147 3480 2317 3550 gessit.
2351 3480 2417 3529 H.

1578 3577 1604 3608 2
1617 3559 1664 3610 5.
1691 3557 1772 3610 Ex
1783 3566 1974 3629 privato
1993 3563 2042 3611 in
2054 3559 2315 3628 publicum.
2328 3556 2511 3618 Quum

1493 3636 1550 3688 in
1578 3638 1814 3708 privatos
1845 3657 1974 3691 usus
2007 3639 2239 3691 cessisset
2269 3635 2382 3691 haec
2414 3646 2516 3685 sta-

1494 3727 1608 3780 tua,
1641 3735 1756 3770 eam
1792 3718 2016 3772 Sabinus
2037 3719 2092 3769 in
2120 3712 2398 3786 publicum
2424 3729 2517 3762 re-

1496 3793 1680 3849 stituit.
1705 3797 1872 3850 Bnor.

1585 3879 1674 3929 26.
1729 3877 1828 3927 Tot
1873 3877 2204 3933 certaminum,
2258 3881 2358 3920 etc.
2406 3869 2518 3923 Tot

1499 3953 1626 4006 viris
1672 3955 1827 4008 claris
1867 3955 2124 4004 honorem
2165 3961 2349 4001 statuae
2379 3948 2522 4002 illius

1502 4032 1602 4086 sibi
1631 4029 2037 4085 vindicantibus.
2063 4027 2245 4081 nnn.
