2975 4684
509 357 638 402 100

1040 331 1118 397 C.
1173 328 1495 397 PLINII
1545 327 1761 396 NAT.
1812 327 2061 394 HIST.

431 503 456 533 2
497 465 738 548 modis,
781 461 956 531 unde
979 460 1196 555 praeda
1226 458 1571 528 societati⁷.
1614 459 1917 552 Namque
1940 471 2039 528 est
2055 445 2371 527 alterum⁸
2402 485 2615 555 genus

501 575 566 640 in
601 567 907 638 omnibus
945 566 1080 634 fere
1113 567 1528 660 argentarii8‚
1572 567 1859 684 itemque
1897 562 2277 660 plumbariis
2300 565 2609 650 metallis,

495 675 674 770 quod
717 673 793 742 fit
814 687 1044 817 esxusto
1087 671 1301 766 lapide
1345 673 1529 740 venis
1558 673 1922 765 permixto,
1952 693 2087 739 non
2125 693 2205 738 ex
2244 669 2355 740 illo
2370 673 2613 791 ‚cujus

498 777 864 851 vomicam⁹
899 793 1246 872 argentum
1281 779 1504 846 vivum
1536 769 2108 872 appellavimus(
2091 801 2145 845 ts
2178 779 2349 846 enim
2378 794 2445 847 et
2471 780 2613 874 ipse

497 891 562 954 in
631 888 978 980 argentum
1021 875 1517 978 excoquitur):
1574 883 1697 954 sed
1742 908 1821 951 ex
1887 882 2027 951 aliis
2080 882 2271 952 simul
2314 886 2605 980 repertis.

496 989 827 1062 Steriles¹⁰
851 993 1052 1060 etiam
1099 990 1356 1082 plumbi
1397 988 1985 1084 deprehenduntur
2022 1013 2142 1058 suo
2178 988 2438 1077 colore',
2486 1015 2609 1062 nec

493 1101 615 1168 nisi
673 1101 738 1165 in
803 1096 1178 1166 fornacibus
1244 1095 1665 1164 rubescentes
1722 1096 2059 1188 exustique
2107 1095 2477 1165 tunduntur
2540 1097 2607 1164 in

495 1203 788 1272 farinam.
811 1205 897 1271 Et
921 1203 1052 1271 hoc
1075 1216 1176 1270 est
1203 1198 1725 1270 secundarium¹¹
1753 1202 2026 1270 minium
2044 1224 2358 1296 perquam
2425 1203 2607 1270 aucis

427 1327 456 1376 3
497 1325 764 1392 notum,
796 1307 1076 1377 multum
1107 1307 1274 1376 infra
1316 1305 1711 1376 naturales¹²
1753 1306 1893 1376 illas
1918 1331 2168 1376 arenas.
2204 1306 2387 1377 Hoc¹
2448 1333 2607 1404 ergo

493 1413 903 1484 adulteratur
942 1415 1221 1482 minium
1257 1415 1324 1481 in
1361 1411 1645 1482 officinis
1682 1411 2047 1542 socioru⁵m¹

2055 1400 2120 1479 ⁴:
2162 1414 2317 1481 item
2354 1415 2605 1508 Syrico·

493 1523 808 1610 Quonam
849 1519 1048 1589 modo
1070 1521 1368 1612 Syricum
1399 1519 1555 1604 flat,
1594 1544 1714 1589 suo
1751 1505 1963 1588 loco¹⁵
2007 1517 2322 1588 dicemus.
2356 1519 2609 1588 Sublini
2644 1563 2651 1570 ·

491 1644 712 1698 autem
749 1627 975 1720 Syrico
1003 1627 1278 1694 minium
1309 1626 1683 1720 compendii
1716 1627 1885 1694 ratio
1910 1624 2337 1696 demonstrat.
2374 1629 2460 1694 Et
2483 1625 2611 1694 alio

495 1733 694 1802 modo
725 1733 1136 1825 pingentium
1162 1730 1340 1799 furto
1363 1729 1851 1824 opportunum¹
1854 1715 2041 1813 ⁶‚est
2078 1731 2306 1826 plenos
2336 1731 2615 1836 subinde
2676 1739 2681 1744 ’

492 1893 569 1945 Χ.
587 1891 694 1944 LX
715 1888 1092 1960 conjiciebant,
1114 1889 1217 1941 hoc
1239 1900 1333 1952 est,
1355 1885 1512 1941 denn-

495 1973 604 2024 rios
643 1988 729 2022 rx.
784 1970 858 2020 At
913 1967 1272 2021 sestertiorum
1329 1979 1511 2020 notam

495 2051 693 2110 habeut
715 2047 925 2101 codices
942 2048 1092 2100 Mss.
1115 2047 1294 2101 Haut).

576 2149 630 2199 7.
672 2127 810 2181 Unde
832 2127 1006 2198 prada
1043 2127 1274 2178 societati.
1305 2125 1511 2178 Baeticae

496 2208 729 2281 populos
773 2207 992 2260 nomine
1037 2203 1288 2277 peculiari
1345 2201 1513 2256 Socios

499 2292 562 2343 P.
595 2289 657 2343 R.
685 2299 855 2340 vocat.
886 2285 1019 2340 Inde
1047 2302 1218 2355 garum
1247 2287 1513 2348 sociorum,

499 2367 646 2442 quod
675 2366 836 2420 fiebat
870 2363 934 2418 ad
969 2364 1355 2426 Scombrariam
1393 2381 1515 2434 pro-

502 2447 826 2502 montorium
855 2444 1077 2496 Baetica.
1105 2442 1417 2496 Societatem
1445 2455 1516 2496 ts-

499 2545 620 2579 men
638 2564 654 2591 ‚
683 2524 1093 2596 publicanorum
1124 2534 1316 2576 coetum
1354 2541 1517 2594 expo·

499 2625 625 2660 nere
637 2604 819 2666 satius,
835 2621 862 2655 a
879 2602 1076 2675 quibus
1089 2601 1312 2654 minium
1329 2603 1513 2655 Roma

499 2697 736 2740 curatum
758 2683 1036 2736 Vitruvius
1055 2681 1256 2734 scribit.
1278 2683 1416 2734 Du..
1435 2711 1517 2724 -

501 2765 747 2818 societati.
779 2761 984 2832 Nempe
1017 2760 1259 2814 societati
1282 2761 1410 2832 publ
1419 2759 1519 2812 ica·

501 2863 694 2899 norum
743 2840 812 2896 de
852 2841 1046 2912 quibus
1077 2841 1358 2895 Vitruvius
1397 2840 1517 2893 loco

505 2937 656 2978 antea
683 2923 838 2976 allato
855 2960 870 2986 ,
902 2940 1038 2990 corps
1054 2957 1071 2984 ‚
1099 2924 1376 2990 campagnia
1389 2959 1404 2982 ,
1430 2917 1517 2972 vel

503 3005 842 3056 eommunaute'.
865 2999 1159 3071 Nugantur,
1175 3000 1267 3070 qui
1285 2995 1353 3052 de
1365 2996 1521 3050 sociis

503 3082 694 3154 populi
733 3079 968 3144 romani,
1000 3080 1104 3132 hoc
1133 3091 1243 3144 est,
1281 3077 1518 3140 Boticis,

504 3163 619 3216 hoc
639 3161 923 3230 accipiunt.
950 3158 1132 3213 Hsnn.

585 3242 640 3295 8.
667 3240 888 3309 Namque
905 3250 976 3290 est
997 3238 1198 3290 alterum
1219 3256 1386 3308 genus.
1413 3235 1518 3290 Mi-

505 3321 582 3372 nii
613 3318 886 3372 nimirum.
919 3317 1148 3372 Minium
1175 3315 1311 3371 illud
1337 3317 1519 3370 Diosc.

507 3412 610 3468 est,
635 3398 706 3461 V,
752 3416 908 3466 109:
951 3399 1017 3450 Το
1067 3397 1153 3466 μὲν
1192 3397 1286 3468 γὰρ
1335 3397 1517 3467 ἄμμιον

506 3479 794 3538 σκευάζεται
823 3479 870 3530 ἐν
895 3438 1116 3545 'lanaria
1153 3477 1206 3528 lx.
1238 3475 1366 3530 λίθου
1392 3477 1519 3536 τινὸς

507 3559 804 3629 μεμιγμένου
835 3561 896 3624 τῇ
925 3530 1192 3625 &erupti-282
1217 3554 1424 3626 ψάμμῳ.
1449 3553 1517 3606 Η.

587 3657 668 3706 9.,
695 3637 844 3706 Cujus
891 3638 1153 3698 vomicam,
1200 3646 1299 3686 etc.
1349 3633 1521 3706 Supra

506 3735 623 3788 cap.
658 3716 726 3770 32
755 3734 769 3768 ε
798 3741 819 3762 ι
847 3715 943 3768 Est
962 3725 1017 3766 et
1040 3713 1175 3784 lapis
1198 3713 1252 3765 iu
1271 3711 1352 3764 his
1374 3713 1521 3766 venis

507 3795 841 3866 argentariis,
876 3795 1030 3864 cujus
1068 3791 1274 3845 vomica
1299 3791 1522 3862 liquoris

500 3875 680 3928 aterni
694 3886 970 3944 argeutum
981 3872 1158 3924 vivum
1174 3871 1522 3941 appellantur-3

507 3971 772 4008 venenum
801 3970 976 4006 rerum
1005 3951 1262 4004 omnium.
1287 3976 1308 3998 a·
1337 3949 1519 4004 HnnL

1686 1906 1751 1940 xo
1755 1888 1985 1942 Stes-Hes.
1988 1888 2249 1960 Lapides
2233 1910 2289 1942 ιιι
2302 1891 2617 1958 plumbariis

1600 1969 1827 2021 metallis
1849 1985 1863 2020 ε
1893 1968 1987 2038 qui
2013 1987 2081 2020 ne
2107 1969 2163 2021 in
2189 1969 2469 2039 plumbum
2494 1973 2613 2041 qui-

1596 2045 1717 2100 dem
1748 2047 1970 2118 excoqui
1992 2060 2231 2116 possunt.
2254 2049 2435 2100 nnn.

1684 2145 1705 2180 1
1724 2144 1770 2178 1.
1800 2127 1873 2178 Et
1910 2127 1999 2176 Ιιοσ
2035 2139 2107 2178 est
2129 2128 2471 2180 secundarium.
2504 2127 2615 2182 No-

1594 2205 1717 2259 stris
1737 2203 1960 2277 perinde
1985 2205 2332 2276 incognitum.
2355 2205 2615 2262 Ham.—

1598 2287 1819 2338 Alcerum
1844 2304 2013 2355 genus.
2046 2284 2291 2339 Alterum
2330 2287 2433 2340 hoc
2462 2289 2617 2344 minii

1597 2383 1790 2436 genus,
1831 2383 2025 2418 nomen
2068 2364 2215 2437 apud
2262 2385 2361 2419 nos
2402 2382 2613 2434 servat,

1602 2445 1805 2498 Minium
1841 2445 1979 2512 nates
2003 2443 2213 2502 (Plomh
2238 2447 2385 2498 oxide'
2405 2449 2614 2519 rouge),-

1598 2523 1965 2578 secunderium
2009 2536 2164 2578 vocat
2210 2523 2427 2617 Noster,
2470 2526 2615 2597 quod

1601 2600 1836 2656 deterius
1854 2614 1930 2654 est
1952 2587 2225 2658 cinnabari
2242 2622 2301 2657 sc
2318 2603 2486 2658 vilius.
2510 2607 2616 2661 En.

1689 2701 1711 2736 1
1728 2702 1777 2736 2.
1802 2683 2011 2736 Multum
2050 2685 2178 2750 insm
2212 2685 2466 2738 naturales.
2504 2686 2617 2739 Cil-

1603 2760 1748 2815 bisni
1768 2781 1923 2832 supra
1956 2762 2221 2833 Ephesum
2256 2763 2363 2834 agri
2380 2802 2396 2828 ,
2420 2778 2511 2819 aut
2541 2764 2618 2820 Si-

1603 2841 1908 2913 saponensis
1929 2842 1982 2894 in
2004 2842 2210 2895 Baetica.
2236 2843 2417 2896 Hsnn.

1691 2939 1713 2973 1
1728 2923 1777 2974 3.
1800 2921 1926 2974 Hoc.
1956 2920 2283 2976 secundario
2306 2923 2490 2975 minio.
2520 2924 2588 2976 H.

1691 3019 1712 3054 ι
1728 3007 1779 3064 4.
1814 3001 1875 3052 In
1913 2999 2119 3070 officinis
2147 3005 2393 3054 sociorum.
2432 3003 2616 3056 Publi-

1604 3097 1857 3134 canorum
1886 3101 1897 3130 :
1922 3099 2045 3132 nam
2071 3092 2129 3133 ut
2148 3082 2393 3152 superius
2412 3079 2617 3136 dictum

1604 3172 1708 3222 est,
1734 3172 1883 3212 eram
1907 3159 2138 3212 officinm
2168 3178 2242 3214 eo
2274 3163 2455 3215 Romae
2474 3179 2489 3213 ε
2506 3179 2619 3236 ιιιιει)

1604 3238 1796 3292 licebat
1820 3236 1877 3289 id
1912 3239 1969 3291 in
2004 3239 2192 3293 Bustica
2224 3241 2509 3310 perficere,
2534 3240 2619 3294 vel

1604 3317 1847 3389 excoqui.
1870 3317 2050 3370 Han.

1692 3397 1781 3450 15.
1806 3396 1907 3450 Suo
1920 3398 2040 3452 loco.
2054 3399 2173 3455 Lib.
2190 3399 2421 3466 XXXV,
2443 3405 2531 3464 24.
2548 3397 2621 3455 Η.

1694 3496 1713 3529 ι
1728 3479 1781 3530 6.
1807 3476 2113 3547 pingentium
2125 3479 2269 3547 furto
2289 3491 2617 3551 opportunum.

1608 3557 1751 3608 luter
1777 3556 1981 3610 colores
1997 3595 2013 3620 ,
2050 3577 2183 3629 quos
2224 3559 2413 3632 pictori
2452 3557 2621 3612 domi-

1606 3653 1708 3688 nus
1738 3637 2045 3706 prestabat,
2072 3653 2131 3693 ut
2158 3637 2365 3694 dicetur
2388 3637 2617 3702 XXXV,

1616 3735 1702 3778 12,
1730 3716 1954 3769 minium
1978 3717 2111 3782 fuit,
2139 3711 2387 3790 quoniam
2416 3717 2470 3770 id
2498 3735 2621 3787 per-

1606 3813 1785 3846 rarum
1825 3808 1951 3848 erat.
1988 3797 2223 3850 Pictores
2261 3799 2438 3871 itaque
2480 3815 2617 3868 saepe

1608 3891 1669 3926 ex
1685 3891 1749 3926 eo
1768 3875 2097 3939 furabantur,
2116 3877 2326 3946 repletis
2342 3875 2621 3949 penicillis,

1608 3971 1729 4005 mox
1757 3971 1891 4024 aqua
1914 3955 2109 4008 ablutis
2124 3993 2141 4021 ,
2160 3955 2319 4010 veluti
2342 3957 2445 4010 alio
2469 3969 2615 4012 uten-
