2975 4684
1041 401 1341 469 LIBER
1414 400 1719 467 XXXV.

2297 394 2438 516 4¹9

328 532 546 618 ribuS,
600 521 1097 625 dentibusque²3
1104 586 1123 619 ,
1169 536 1221 602 si
1278 532 1480 602 saliva
1523 556 1675 600 cum
1729 554 1808 599 eo
1859 529 2294 597 contineatur.
2354 529 2441 594 Et

326 636 669 707 oculorum
730 628 1285 709 medicamentis²⁴
1334 640 1646 708 inseritur
1702 650 1882 729 apte,
1940 622 2440 725 verendisque²⁵

325 744 665 835 utriusque
706 766 915 811 sexus.
942 746 1357 874 ⁶Coquitui·
1340 769 1407 813 in
1447 744 1724 838 patinis,
1777 740 1988 809 donec
2034 736 2267 831 liquari
2326 736 2441 805 de-

326 850 515 917 sinat.
558 837 967 917 Interioris²⁶
1006 864 1105 919 est
1160 849 1438 920 alterum
1493 850 1784 943 generiS‚
1839 844 2016 939 quod
2063 841 2440 939 strongylen
2480 855 2509 906 5

329 954 637 1023 vocant²⁷.
670 956 839 1023 Duae
860 955 999 1047 ejus
1038 958 1319 1050 specieS,
1356 956 1711 1049 fungosum
1738 966 1936 1044 atque
1955 950 2136 1017 omni
2161 949 2444 1017 humore

326 1058 487 1128 dilui
516 1058 741 1128 facile:
764 1059 943 1153 quod
972 1063 1041 1128 in
1068 1077 1281 1131 totum
1310 1062 1682 1131 damnatur.
1725 1056 1966 1127 Melius
2006 1055 2440 1147 pumicosum,

329 1180 396 1233 et
411 1165 809 1234 foraminum
834 1163 1065 1263 fistulis
1094 1169 1383 1263 spongiae
1396 1164 1605 1237 simile
1621 1219 1640 1250 ‚
1660 1160 2148 1253 rotundumque
2175 1174 2442 1242 natura,

326 1270 605 1339 candido
633 1274 945 1365 propius:
977 1296 1127 1341 cum
1160 1272 1444 1391 quadam
1485 1267 1942 1384 pinguitudine
1961 1318 1980 1351 ‚
2017 1267 2154 1333 sine
2196 1266 2446 1350 areniS,

332 1374 615 1459 friabile,
656 1400 779 1445 nec
820 1376 1117 1445 inficiens
1155 1378 1443 1494 nigritia.
1491 1379 1638 1444 Hoc
1681 1374 1988 1467 coquitur
2033 1394 2153 1463 per
2185 1393 2254 1437 se
2296 1393 2444 1437 car-

330 1482 611 1549 bonibus
633 1483 850 1573 puriS,
868 1479 1081 1549 donec
1111 1482 1273 1550 cinis
1303 1481 1438 1550 fiat.
1468 1481 1816 1574 Optimum
1837 1500 1920 1545 ex
1937 1475 2246 1545 omnihus
2269 1474 2444 1591 quod
2483 1488 2515 1535 6

331 1584 651 1653 Melinum
694 1600 938 1654 vocant
980 1586 1063 1653 ab
1111 1585 1319 1664 insula
1354 1584 1572 1671 Melo,
1607 1600 1683 1653 ut
1730 1571 2090 1651 diximus²⁸.

2139 1577 2318 1647 Nulli
2353 1582 2451 1647 vis

334 1690 544 1781 major
568 1714 783 1783 neque
818 1690 1305 1785 adstringendi,
1331 1716 1544 1785 neque
1576 1688 1995 1783 denigrandi,
2025 1709 2238 1779 neque
2260 1684 2451 1752 indu-

332 1794 535 1863 randi.
590 1793 865 1865 Nullum
932 1798 1219 1889 spissius.
1285 1796 1652 1866 Oculorum
1711 1793 2049 1863 scabritias
2103 1804 2449 1859 extenuat:

331 1900 753 1969 combustum
780 1899 1001 1969 utilius
1036 1902 1369 1995 epiphoris
1397 1900 1788 1971 inhibendis.
1822 1900 1930 1967 Sic
1956 1912 2024 1965 et
2047 1895 2130 1963 ad
2160 1896 2452 1989 pruritus

330 2008 649 2100 corporis.
677 2008 1073 2099 Sanguinem
1103 2032 1365 2100 quoque
1396 2009 1566 2088 sistit
1591 2010 1658 2075 in
1684 2004 1973 2086 totum'⁹‚
2007 2002 2165 2069 foris
2195 2000 2450 2068 illitum.

331 2112 555 2181 Vulsis
580 2109 731 2206 pilis
754 2136 833 2179 ex
863 2127 1051 2180 aceto
1074 2110 1313 2180 illitum
1328 2108 1814 2199 ‚renascentem
1841 2106 2053 2177 mollit
2073 2105 2450 2200 lanuginem

330 2240 675 2286 summam.
718 2219 1036 2285 Omnium
1088 2242 1401 2312 generum
1452 2221 1556 2286 vis
1613 2220 1680 2285 in
1731 2212 2235 2345 adstringendo:
2281 2209 2455 2279 unde

334 2346 575 2390 nomen
610 2308 923 2391 Graecis³⁰

928 2323 1107 2391 .Oh
1154 2323 1221 2391 id
1253 2321 1595 2393 oculorum
1635 2324 1808 2392 vitiis
1817 2306 1865 2345 ³¹
1910 2320 2246 2412 aptissima
2280 2330 2453 2384 sunt.

338 2427 685 2519 Sanguinis
718 2426 1037 2495 fluxiones
1085 2428 1339 2497 inhibet
1394 2454 1548 2497 cum
1599 2426 1808 2521 adipe.
1854 2427 1961 2494 Sic
2001 2439 2070 2491 et
2108 2423 2454 2490 infantium
2493 2450 2522 2501 7

336 2530 622 2600 hulcera.
662 2532 1109 2601 Putrescentia
1149 2532 1496 2603 hulcerum
1532 2532 1894 2625 compescit
1927 2554 2078 2599 cum
2117 2526 2339 2622 adipe,
2385 2542 2452 2595 et

340 2744 407 2795 Et
426 2762 481 2813 p.
502 2748 569 2799 81
606 2766 617 2795 =
640 2766 663 2789 ι
680 2745 906 2797 Alumen
942 2748 1115 2799 mulso
1156 2747 1357 2816 optime

341 2820 606 2885 dilutum,
644 2835 698 2874 et
734 2824 855 2875 lana
882 2823 1223 2889 instillatum,
1265 2823 1376 2875 do-x

342 2900 513 2952 lorem
534 2900 747 2951 aurium
774 2914 935 2953 sanat.
970 2926 993 2947 υ
1018 2902 1199 2955 Hum.

428 2978 518 3030 23.
540 2977 882 3048 Dentibusque.
898 2978 1105 3031 Theod.
1128 2980 1291 3034 Prisc.
1310 2981 1357 3046 1,

350 3062 421 3119 14
443 3078 455 3107 :
483 3077 505 3100 ι
530 3057 657 3110 Solo
686 3056 905 3127 pulvere
938 3057 1186 3112 aluminis
1214 3060 1361 3113 scissi

342 3148 523 3206 putres
541 3133 781 3189 dentium
803 3154 1053 3191 cavernas
1078 3139 1358 3209 impleas.»

342 3214 483 3269 Cels.
505 3216 606 3279 VI,
632 3234 696 3283 9:
720 3241 743 3263 ι
758 3215 982 3269 Alumen
998 3217 1191 3271 scissile
1220 3218 1277 3271 in
1302 3216 1359 3271 id

340 3294 582 3347 foramen
638 3294 895 3365 injectum
919 3334 935 3359 ,
1004 3295 1213 3351 dentem
1282 3298 1359 3351 ci·

342 3386 447 3439 tat,
472 3386 574 3427 etc.
600 3398 625 3420 ι
660 3374 841 3426 Ῑ-Ῑιιιῐ).

428 3458 521 3515 ²4·
552 3452 815 3506 Oculorum
835 3452 1196 3508 medicamentis.
1220 3456 1356 3509 Dio-

340 3550 478 3585 scor.
499 3530 605 3585 loc.
626 3531 714 3584 cit.
740 3532 922 3586 Hmn.

428 3610 518 3663 25.
550 3611 608 3663 V
600 3610 889 3681 ert-udisque.
915 3612 1019 3665 Καὶ
1042 3614 1163 3681 πρὸς
1190 3608 1358 3665 αἰδοῖα

347 3690 608 3759 ὄπίχριςος.
628 3689 871 3745 Dioscor.
894 3691 998 3743 loc.
1022 3690 1109 3743 cit.
1138 3690 1316 3745 Ham).

434 3771 517 3821 26.
566 3771 832 3822 Interior-is.
892 3768 1055 3835 Quod
1094 3770 1247 3823 altius
1303 3772 1357 3823 in

352 3858 540 3900 terram
598 3847 823 3903 abditur.
870 3850 937 3903 Η.
981 3880 1055 3893 --
1098 3850 1359 3903 Interebre's.

354 3924 499 3978 MSS.
522 3928 684 3999 Regg.
713 3950 765 3995 2,
792 3929 846 3993 3,
867 3942 921 3982 et
947 3928 1073 3983 edit.
1098 3930 1361 4002 princeps,

351 4005 601 4057 membris.
628 4008 791 4060 Βιοτ.

1531 2764 1560 2797 a
1569 2764 1600 2814 7
1607 2783 1620 2795 .
1635 2744 1784 2814 Quod
1790 2744 2068 2814 strongylen
2086 2756 2272 2795 vocant.
2283 2748 2458 2814 Στρογ·

1444 2826 1564 2894 psam
1590 2824 1895 2893 στυπτηρία,
1917 2820 2206 2875 rotundum
2223 2822 2459 2887 alumen,

1444 2922 1475 2956 a
1498 2902 1665 2955 sonna
1705 2904 1780 2955 sic
1815 2913 2178 2972 nuncupatum
2198 2941 2212 2966 ,
2244 2904 2310 2953 ab
2343 2903 2457 2973 ipso

1442 2980 1780 3048 Dioscoride,
1811 2980 1912 3033 loc.
1945 2981 2085 3033 citat.
2131 2978 2311 3032 Ilum.

1530 3064 1622 3116 28.
1661 3062 1727 3113 Ut
1750 3060 1972 3112 dicimus.
1995 3059 2106 3112 Sub
2131 3059 2341 3111 initium
2359 3060 2456 3112 hu-

1442 3142 1528 3210 jus
1547 3139 1750 3210 capitis.
1773 3140 1954 3191 HAnn.

1531 3238 1558 3273 π
1567 3238 1620 3289 9.
1641 3217 1934 3287 Sanguinem
1949 3222 2079 3270 sistit
2092 3220 2142 3270 in
2161 3231 2324 3271 eorum.
2341 3218 2456 3271 Hoc

1446 3310 1549 3362 est,
1597 3298 1818 3351 omnino
1863 3298 2019 3362 sistit,
2055 3296 2196 3351 unde
2231 3296 2380 3365 unde
2413 3298 2456 3349 is

1444 3376 1675 3446 profluat
1691 3414 1708 3441 ,
1755 3377 1864 3430 sive
1895 3396 1925 3429 e
1963 3378 2206 3441 naribus,
2253 3378 2362 3429 sive
2394 3394 2457 3428 ex

1446 3455 1584 3508 alvo.
1617 3459 1748 3527 Reg.
1790 3478 1848 3523 ο,
1887 3482 1908 3505 ι
1935 3457 2079 3511 Sistit
2105 3458 2246 3509 intus
2283 3457 2338 3507 in
2375 3466 2456 3505 to-

1443 3548 1578 3587 tum.
1598 3562 1621 3583 »
1658 3534 1834 3589 Huin.

1528 3614 1614 3673 30.
1654 3616 1790 3669 Unde
1811 3636 1976 3669 nomen
2001 3615 2206 3681 Graecis.
2231 3617 2459 3666 Στυπτη·

1447 3698 1552 3765 pia,
1576 3694 1720 3765 quod
1745 3695 1848 3749 vim
1877 3697 2037 3747 habet
2057 3692 2348 3751 στυπτικὴν,
2369 3686 2460 3741 ad·

1446 3774 1809 3847 stringentem.
1820 3774 2050 3827 Galenus
2062 3768 2128 3821 de
2143 3768 2184 3821 F
2187 3787 2261 3819 ac.
2286 3768 2459 3842 simpl.

1448 3853 1594 3907 med.
1619 3856 1713 3907 lib.
1746 3856 1850 3917 lx,
1881 3872 1936 3922 p.
1967 3854 2104 3917 ²69·.
2124 3848 2306 3902 Hann-

1533 3935 1628 3987 31.
1675 3933 1756 3986 Ob
1800 3932 1855 3982 c'd
1888 3930 2126 3981 oculorum
2162 3930 2327 3994 vitiis,
2362 3938 2462 3979 etc.

1414 4081 1421 4087 .
1456 4012 1590 4075 Quae
1614 4012 1820 4079 reliquo
1846 4007 2095 4077 deinceps
2135 4008 2307 4077 capite
2345 4026 2467 4061 con.

2102 4116 2240 4198 27¹2¹
2349 4133 2356 4141 .
