2975 4684
462 355 593 430 126
1000 361 1076 426 C.
1132 359 1466 430 PLINII
1515 359 1736 428 NAT.
1785 359 2046 428 HIST.

452 493 775 580 fastidito,
803 491 1115 562 caelentur
1146 507 1455 588 argento,
1482 493 1740 586 vagina:
1763 489 1807 516 ¹²
1839 479 2156 582 catillis¹³‚
2185 493 2384 564 baltei
2407 494 2582 565 lami·

388 609 420 665 ³
458 604 557 674 uis
589 596 953 694 crepitent?
984 599 1131 668 Jam
1181 623 1342 668 vero
1382 597 1762 693 paedagogia
1803 598 1888 668 ad
1933 601 2278 672 transitum
2319 599 2582 672 virilita-

458 711 541 780 tis
565 693 613 738 ¹⁴
662 703 1118 776 custodiantur
1182 717 1457 800 argento
1499 723 1518 767 ε
1581 704 1842 773 feminae
1906 703 2237 795 laventur,
2282 722 2387 791 et,
2458 709 2582 778 nisi

454 825 793 907 argentea,
820 809 981 880 solia
1024 809 1355 879 fastidiant
1384 838 1401 879 ε
1444 807 1807 904 eademque
1847 815 2121 882 materia
2149 828 2214 882 et
2243 799 2492 899 cibis¹⁵‚
2515 827 2584 884 et

458 917 719 1015 probris
750 918 1013 986 serviat.
1042 915 1318 986 Videret
1348 915 1492 985 haec
1519 916 1890 1003 Fabricius,
1931 933 1998 987 et
2034 934 2272 990 stratas
2305 933 2584 1016 argento

454 1021 807 1094 mulierum
864 1022 1182 1106 balinea,
1234 1022 1324 1089 ita
1363 1036 1438 1090 ut
1480 1023 1758 1116 vestigio
1811 1023 1996 1094 locus
2037 1019 2174 1094 non
2215 1028 2299 1095 sit
2315 1012 2386 1112 ¹⁶,
2424 1049 2582 1096 cum

458 1132 614 1200 viris
649 1129 1009 1200 lavantium
1041 1154 1056 1194 τ
1094 1127 1429 1198 Fabricius
1451 1181 1469 1214 ‚
1504 1128 1810 1222 inquam,
1861 1132 1974 1224 qui
2014 1129 2358 1202 bellicosos
2387 1134 2587 1228 impe·

456 1252 712 1308 ratores
755 1234 903 1330 plus
940 1259 1137 1328 quam
1182 1247 1481 1328 pateram
1511 1250 1582 1304 et
1616 1233 1896 1306 salinum
1927 1261 2008 1306 ex
2033 1253 2309 1336 argento
2337 1239 2586 1308 habere

454 1343 742 1414 vetabat.
784 1338 1124 1410 videret¹⁷
1184 1340 1341 1410 hinc
1402 1340 1579 1410 dona
1621 1340 1892 1412 fortium
1942 1342 2119 1428 fieri,
2164 1359 2283 1413 aut
2329 1345 2397 1414 in
2439 1345 2582 1416 haec

457 1449 695 1545 frangi.
733 1449 881 1516 Heu
910 1441 1167 1517 mores!
1206 1447 1488 1518 Fabricii
1521 1473 1644 1518 nos
1679 1448 1906 1542 pudet.

556 1649 647 1684 ta.
684 1627 895 1699 Vagitus
929 1629 1125 1682 catillis.
1156 1631 1239 1682 Ita
1264 1630 1393 1700 Reg.
1420 1649 1486 1694 a,

456 1725 509 1766 et
558 1707 689 1767 editi
752 1708 880 1760 libri
930 1721 1055 1762 ante
1105 1709 1482 1771 Hermolaum,

1573 1632 1842 1701 Quaesitum
1863 1645 1954 1696 est,
1979 1630 2087 1704 dig.
2111 1631 2172 1684 de
2189 1637 2324 1686 lustr.
2334 1632 2485 1700 fund.
2503 1631 2589 1686 vel

1569 1715 1704 1764 inser.
1748 1713 1842 1781 leg.
1889 1711 1973 1764 Ab
2011 1713 2293 1765 Ammiano
2347 1713 2588 1766 Marcell.

460 1809 569 1863 quo
606 1799 823 1841 auctore
862 1789 977 1860 typi
1018 1787 1267 1859 deinceps
1304 1787 1487 1840 batillis
1561 1790 1926 1860 poedagogiani.
1963 1791 2104 1844 Galli
2135 1790 2398 1844 diminuta
2432 1809 2590 1858 voce,

460 1869 728 1923 exhibent.
763 1867 943 1920 Dictas
969 1880 1145 1920 autem
1176 1867 1377 1922 catilla·
1404 1885 1488 1919 ar·
1560 1887 1736 1939 peges,
1755 1883 1972 1934 vocant,
2001 1883 2062 1923 ut
2081 1889 2240 1941 supra
2262 1871 2587 1934 monuimus,

465 1950 639 2004 bitror
660 1965 763 2019 pro
792 1947 1016 2011 catellis,
1043 1948 1147 1999 hoc
1167 1959 1277 2010 est,
1308 1947 1489 1999 brevi-

460 2030 562 2083 bus
586 2025 801 2080 catenis.
832 2023 953 2090 Qua
983 2025 1052 2077 de
1086 2043 1213 2078 voce
1236 2025 1488 2078 vossium

458 2106 678 2165 consule
704 2107 760 2158 in
788 2106 1019 2175 Etymol.
1044 2105 1227 2157 Han».

552 2205 575 2242 1
588 2187 619 2240 3
630 2227 641 2238 .
656 2187 855 2239 Bassus.
868 2176 970 2256 (sic
987 2175 1158 2254 olim).
1175 2183 1417 2236 Batulum
1434 2195 1489 2238 et

462 2269 812 2339 δποκοριςικῶς
842 2266 1111 2328 batillum,
1146 2263 1376 2318 ferreum
1408 2263 1492 2316 in-

464 2359 812 2402 strumentum
831 2385 847 2408 ,
865 2363 973 2417 quo
996 2359 1169 2414 pruna
1196 2342 1488 2413 colligitur,

464 2428 613 2499 quasi
626 2425 884 2496 patulum.
904 2423 1085 2476 Horat.
1108 2423 1217 2476 Sat.
1235 2425 1282 2488 1,
1298 2423 1351 2484 5,
1379 2424 1448 2478 35
1464 2445 1481 2476 t

468 2529 491 2551 ·
514 2505 860 2578 Linquimus,
893 2503 1059 2556 insani
1094 2501 1325 2558 ridentes
1354 2521 1492 2575 pras-

466 2587 572 2638 mia
607 2584 819 2648 scribas,
856 2583 1193 2640 Praetextata.
1240 2597 1293 2636 et
1322 2583 1492 2636 latum

466 2666 706 2728 clavum,
742 2681 1035 2734 prunasque
1066 2663 1327 2716 batillum.
1348 2689 1374 2710 ι
1404 2663 1492 2716 ΑΙ)

466 2746 580 2816 ejus
598 2743 928 2796 instrumenti
958 2741 1303 2795 similitudine
1328 2743 1489 2795 Vete-

468 2841 553 2878 res
576 2823 769 2874 batillos
796 2835 1121 2876 vocaverunt
1158 2821 1378 2875 laminas
1408 2839 1494 2874 ar-

468 2915 705 2976 genteas,
728 2902 1001 2973 utrimque
1021 2901 1086 2955 ad
1106 2903 1329 2956 laterum
1353 2921 1494 2954 mar-

468 2984 616 3054 gines
652 2993 928 3046 curvatas,
964 2983 1162 3052 quibus
1192 2982 1487 3054 pugionum

468 3075 526 3116 et
547 3063 749 3115 ensium
770 3061 981 3132 vaginas
998 3061 1332 3132 operiebant.
1352 3062 1489 3115 Du..

556 3159 579 3194 ι
594 3147 647 3205 4.
670 3143 761 3194 Ad
786 3144 1037 3194 transitum
1072 3142 1329 3194 virilitatis
1347 3180 1365 3207 ‚
1390 3153 1492 3196 etc.

470 3219 659 3274 Virilis
692 3221 922 3275 seminis.
981 3220 1165 3274 Anulo
1210 3234 1459 3292 argenteo
1476 3261 1494 3288 ‚

468 3317 563 3354 seu
593 3299 757 3352 fibula
784 3297 1209 3372 pedagogiorum
1225 3341 1241 3368 ,
1266 3301 1369 3354 hoc
1386 3315 1461 3354 cst
1477 3341 1493 3366 ,

470 3397 760 3452 puerorum
784 3379 1034 3450 pudenda
1051 3381 1491 3452 per-stringebant.

470 3457 737 3512 interdum
776 3460 952 3525 vocis,
996 3459 1266 3514 interdum
1300 3459 1496 3514 valetu-

468 3537 614 3592 dinis
666 3557 820 3593 causa
849 3560 862 3590 ε
918 3541 1073 3610 cujus
1112 3539 1495 3592 infibulationis

472 3617 693 3672 modum
736 3620 920 3673 Celsus
964 3618 1151 3671 edocet
1169 3658 1186 3685 ‚
1206 3619 1346 3684 v11,
1401 3619 1494 3672 2⁵.

473 3698 635 3752 Pueri
656 3697 917 3754 Cassarum
936 3737 953 3762 ‚
979 3698 1090 3750 sive
1110 3711 1167 3751 ut
1188 3695 1333 3769 apud
1350 3697 1493 3751 Gru·

470 3789 568 3832 ter.
608 3797 662 3852 p.
698 3779 866 3850 ¹⁰37·
890 3787 1071 3832 rvnr.
1098 3795 1299 3832 nonve.
1333 3795 1495 3830 uov-

468 3875 619 3913 πη.
646 3857 947 3932 pedagogia
972 3877 1081 3911 non
1110 3877 1141 3910 a
1168 3857 1344 3911 Plinio
1377 3877 1495 3910 mo·

468 3935 543 3990 do
582 3937 854 4006 dicuntur,
890 3937 982 3992 sed
1012 3951 1067 3991 et
1105 3955 1134 3989 a
1167 3937 1395 4004 Seneca,
1419 3936 1494 3992 de

468 4015 622 4070 beata
652 4019 806 4082 Vita,
853 4029 907 4071 et
944 4018 1012 4072 ab
1062 4017 1301 4090 Ulpiano
1321 4057 1335 4079 .
1388 4018 1489 4089 leg.

1567 1965 1614 2001 c.
1649 1967 1738 2000 υ.
1767 1949 1950 2001 Heni).

1653 2045 1678 2081 ῐ
1693 2027 1743 2080 5.
1761 2027 2038 2098 Eademque
2055 2039 2173 2079 mat.
2193 2039 2244 2078 et
2259 2027 2395 2080 cibis.
2417 2029 2484 2080 Et
2505 2045 2590 2081 va·

1570 2107 1663 2168 sis,
1718 2106 1912 2178 quibus
1948 2107 2196 2158 seruntur
2233 2108 2496 2161 obsonia:
2536 2120 2592 2161 et

1569 2187 1817 2249 tistulis,
1855 2186 2047 2258 quibus
2085 2186 2276 2239 lotium
2306 2186 2480 2260 excipi
2507 2207 2590 2241 so-

1567 2265 1659 2320 let.
1689 2265 1870 2319 Hanc.

1657 2365 1680 2400 1
1693 2349 1747 2398 6.
1777 2345 1860 2397 Ita
1895 2357 1954 2398 ut
1973 2347 2181 2415 vestigio
2207 2347 2340 2398 locus
2369 2363 2466 2398 mm
2503 2349 2585 2400 sil.

1570 2425 1722 2478 Prius
1752 2425 2008 2496 probrum
2047 2437 2124 2478 est
2156 2425 2332 2478 lavare
2355 2443 2476 2478 cum
2506 2426 2590 2479 vi·

1571 2505 1647 2558 ris
1671 2525 1686 2556 2
1730 2505 1954 2558 alterum
1987 2505 2164 2557 lavare
2196 2505 2252 2557 in
2279 2505 2588 2558 balnearum

1571 2585 1714 2637 soliis
1741 2585 1816 2638 sic
1834 2597 2054 2656 argento
2079 2585 2256 2639 stratis
2273 2598 2326 2638 et
2352 2585 2591 2652 lubricis,

1571 2678 1630 2717 ut
1661 2663 1717 2717 in
1747 2664 1811 2717 iis
1847 2666 2128 2718 consistere
2165 2665 2443 2736 vestigium
2479 2685 2590 2718 non

1571 2745 1753 2816 possit.
1796 2745 1998 2797 Duae.
2027 2775 2106 2787 —-
2147 2745 2242 2798 lea.
2276 2747 2456 2810 Quum
2487 2745 2592 2798 sint

1572 2823 1902 2877 balinearum
1934 2823 2063 2877 solia
2082 2863 2097 2886 ,
2119 2825 2292 2896 inquit
2323 2825 2592 2878 Dalecam-

1573 2904 1694 2975 pius
1712 2942 1728 2969 ,
1761 2917 1918 2958 strata
1961 2916 2181 2976 argento
2223 2904 2491 2975 perpolito
2538 2917 2590 2956 et

1573 2985 1810 3049 lubrico,
1843 2984 2129 3038 consistere
2155 2984 2208 3035 in
2232 2985 2294 3038 iis
2313 2985 2591 3054 vestigium

1571 3083 1680 3116 non
1714 3075 1906 3136 potest.
1945 3065 2127 3134 Nugas.
2173 3063 2306 3127 Quis
2337 3063 2478 3114 enim
2518 3063 2594 3113 lu-

1571 3143 1780 3196 bricum
1813 3143 1947 3196 adeo
1982 3159 2044 3194 ex
2080 3154 2295 3211 argento
2321 3143 2594 3211 pavimen·

1575 3235 1686 3277 tum
1715 3234 1900 3294 putet,
1933 3232 1992 3272 ut
2024 3220 2165 3273 sallat
2201 3221 2414 3290 vestigia
2437 3224 2459 3269 Ρ
2486 3217 2592 3270 Pli-

1547 3302 1694 3368 ⁴nius
1745 3303 1815 3354 ita
1869 3309 2054 3353 stratas
2106 3311 2320 3368 argento
2361 3299 2592 3351 balineas

1575 3379 1722 3444 dicit,
1743 3392 1804 3432 ut
1826 3383 1932 3448 jam
1961 3377 2106 3430 nulla
2126 3396 2247 3449 pars
2272 3395 2453 3431 earum
2475 3395 2590 3431 are·

1573 3479 1642 3512 na
1661 3459 1751 3524 sit,
1774 3457 1860 3512 cui
1880 3458 2118 3529 imprimi
2135 3456 2285 3530 pedis
2311 3458 2594 3530 vestigium

1572 3551 1747 3610 queat.
1778 3539 1960 3592 Hann.
2453 3535 2456 3542 '

1659 3635 1748 3688 17.
1783 3617 1999 3671 Vident.
2021 3615 2248 3670 videret
2283 3635 2348 3670 ex
2377 3627 2596 3690 argento

1572 3697 1797 3752 balineis
1814 3698 2130 3770 probrisque
2143 3695 2316 3751 dicato
2331 3697 2444 3768 peti
2465 3715 2599 3769 prav-

1580 3777 1686 3831 mia
1730 3791 2004 3850 argentea,
2041 3797 2159 3850 quas
2203 3777 2334 3830 viris
2367 3776 2598 3830 fortibus

1581 3857 1906 3913 debeantur:
1935 3872 2030 3912 aut
2065 3859 2182 3912 hoc
2213 3857 2283 3911 ad
2315 3855 2435 3910 illos
2475 3873 2600 3909 usus

1583 3939 1770 4010 frangi.
1797 3939 1981 3992 Haut).
2007 3969 2086 3982 —-
2109 3938 2312 3992 Similia
2343 3937 2476 4004 fere,
2505 3931 2596 3990 sed

1581 4019 1750 4072 multo
1789 4017 2184 4073 vehementiora
2231 4027 2410 4070 noster
2445 4015 2500 4067 J.
2543 4013 2595 4066 1.
