2975 4684
1096 392 1404 461 LIBER
1454 392 1810 459 XXXVI.
2379 393 2504 465 521

394 527 647 621 aliquos
686 523 935 620 lapides
969 525 1083 618 qui
1107 526 1411 655 ³pariant,
1442 522 2260 618 credunt.Theophrastus
2284 542 2516 598 auctor

392 631 535 702 est·²
569 646 637 701 et
670 632 836 700 ebur
877 628 1096 701 fossile
1169 629 1451 701 candido
1486 645 1556 700 et
1589 630 1782 724 nigro
1823 627 2045 699 colore
2089 632 2401 718 inveniri,
2445 650 2512 705 et

391 762 540 808 ossa
578 762 617 807 e
659 752 833 807 terra
874 738 1057 805 nasci
1078 722 1126 822 ⁴,
1176 737 1584 830 invenirique
1621 734 1868 828 lapides
1903 761 2145 806 osseos.
2189 736 2469 809 Palmati
2489 726 2512 765 ⁵
2543 760 2545 765 ·

391 846 563 913 circa
592 842 914 913 Mundam
941 844 1009 911 in
1028 842 1343 934 Hispania
1360 896 1381 928 ,
1402 842 1517 910 ubi
1537 844 1757 911 Caesar
1788 840 2070 910 dictator
2098 832 2513 938 Pompeium⁶

392 952 583 1035 vicit,
630 950 1073 1044 reperiuntur,
1116 947 1315 1041 idque
1355 948 1612 1042 quoties
1649 946 1938 1041 fregeris.
1981 949 2150 1015 Sunt
2192 964 2260 1017 et
2301 952 2512 1045 nigri,
2573 1010 2588 1017 -

389 1078 673 1150 quorum
716 1056 1071 1125 auctoritas
1114 1055 1297 1123 venit
1339 1054 1409 1122 in
1452 1077 1784 1122 marmora
1806 1052 1853 1139 ⁷,
1913 1039 2120 1122 sicut⁸
2159 1056 2217 1120 T
2218 1058 2514 1127 aenarius.

288 1204 299 1211 -
390 1158 609 1230 Varro
652 1163 878 1256 nigros
928 1184 1008 1228 ex
1028 1187 1045 1199 ·
1066 1158 1289 1228 Africa
1330 1158 1656 1233 firmiores
1715 1183 1855 1228 esse
1910 1158 2144 1243 tradit,
2193 1184 2392 1253 quam
2445 1164 2514 1230 in

390 1266 597 1336 Italia.
630 1268 688 1335 E
710 1266 973 1335 diverso
1002 1264 1185 1333 albos
1216 1266 1425 1333 tornis
1456 1265 1795 1349 duriores,
1824 1288 2022 1357 quam
2048 1265 2291 1333 Parios.
2327 1264 2512 1337 Idem

388 1374 763 1441 Lunensem
808 1368 1053 1440 silicem
1094 1394 1275 1439 serra
1323 1372 1528 1440 secari
1565 1397 1580 1437 :
1626 1385 1696 1439 at
1741 1367 2190 1439 Tusculanum
2233 1369 2516 1440 dissilire

389 1479 527 1570 igni
540 1476 583 1543 ⁹.
641 1475 955 1545 Sabinum
1006 1473 1266 1543 fuscum
1320 1474 1544 1544 addito
1598 1475 1746 1545 oleo
1789 1475 1988 1543 etiam
2049 1472 2290 1544 lucere.
2341 1478 2514 1545 Item

387 1580 595 1649 molas
648 1576 1049 1648 versatiles¹⁰
1098 1578 1411 1649 Volsiniis
1463 1582 1793 1669 inventaS,
1849 1578 2101 1673 aliquas
2151 1594 2220 1650 et
2277 1597 2514 1676 sponte

386 1701 599 1755 motas
635 1685 1007 1773 invenimus
1035 1685 1105 1752 in
1140 1684 1477 1779 prodigiis.

384 1900 590 1941 tuentes
641 1904 995 1959 congenerem
1045 1886 1148 1939 sibi
1194 1886 1402 1956 prolem

384 1968 513 2019 eniti
557 1968 675 2020 illos
721 1978 910 2038 putent
944 1984 960 2017 ε
1004 1983 1126 2019 aere
1172 1964 1403 2019 fortassis

382 2045 735 2108 circumfuso,
770 2045 825 2098 vi
866 2042 1095 2116 quadam
1132 2042 1401 2098 adamanti

382 2124 429 2175 ei
479 2124 746 2195 ingenita,
800 2124 861 2175 in
918 2140 1111 2194 aquam
1162 2122 1399 2193 primum

382 2216 758 2268 transmutato,
784 2221 909 2255 mox
929 2201 1179 2255 indurato
1199 2202 1255 2255 in
1272 2200 1399 2257 ada-

380 2296 629 2336 mantem.
658 2282 727 2334 H.
744 2311 825 2325 --·
842 2281 1049 2351 Lapides
1073 2284 1157 2353 qui
1180 2285 1396 2349 pariant.

382 2360 609 2433 Lapides
640 2360 748 2425 illi,
780 2360 873 2430 qui
906 2378 1094 2430 parere
1125 2357 1395 2421 dicuntur,

381 2453 505 2493 sunt
528 2440 725 2505 uetita,
752 2440 821 2491 les
834 2444 1016 2510 pierres
1043 2438 1242 2507 d'aigle.
1268 2439 1399 2491 Fre·

380 2531 600 2589 quentes
638 2531 763 2573 sunt
790 2518 847 2571 in
880 2521 1142 2589 AEgypto‚
1172 2518 1397 2571 maxime

378 2598 438 2651 in
492 2598 883 2651 Bhar-bela-ma.
941 2597 1142 2650 Multos
1196 2594 1309 2649 vidi
1365 2617 1396 2652 a

380 2677 445 2729 P.
472 2678 677 2731 Sicano
696 2678 897 2729 missos.
924 2675 1199 2730 Bn.--Cf.
1220 2674 1289 2728 de
1312 2694 1399 2729 ae·

380 2756 491 2809 titis
518 2755 784 2826 lapidibus
815 2756 914 2809 inf.
937 2774 1055 2826 cap.
1089 2754 1183 2823 39.
1210 2754 1315 2807 En.

404 2878 411 2889 .
464 2852 514 2887 a.
555 2834 905 2902 Theophrastus
940 2845 1107 2885 auctor
1136 2844 1221 2883 est.
1249 2831 1396 2886 Vide

378 2911 656 2982 Theophr.
676 2912 772 2963 lib.
795 2910 907 2980 πιρὶ
922 2912 1061 2964 λίθων
1077 2948 1095 2975 ,
1120 2928 1175 2980 p.
1193 2912 1246 2963 8.
1262 2910 1330 2964 Η.

458 2990 509 3045 3.
546 2990 689 3043 Ebur
717 2990 909 3057 fossile.
950 2990 1195 3044 Ebenum
1238 2990 1389 3043 fossi-

377 3070 515 3129 lem,
548 3070 641 3141 qui
682 3070 805 3140 igne
835 3088 947 3121 non
978 3067 1305 3134 accenditur,
1336 3070 1393 3123 in

376 3148 603 3203 metallis
636 3146 883 3201 aluminis
930 3146 993 3201 ad
1021 3148 1285 3200 Hildesee'm
1309 3168 1392 3203 re-

375 3229 543 3300 periri
580 3226 742 3281 tradit
776 3227 1037 3299 Agricola.
1069 3227 1185 3280 Hoc
1214 3228 1391 3281 Theo-

374 3310 620 3379 phrastns
636 3306 819 3361 libello
835 3307 1055 3377 περὶτῶν
1068 3307 1207 3360 λίθων
1232 3326 1389 3377 quem

374 3405 475 3441 nos
506 3385 921 3441 emendavimus.
965 3389 1101 3439 Du..
1130 3418 1211 3428 —
1239 3386 1392 3439 Ebur

374 3466 575 3531 fossile,
614 3467 800 3519 l’ae'oot're
824 3466 1026 3533 fossile,
1069 3467 1219 3537 cnjus
1246 3478 1391 3518 tanta

373 3545 525 3617 copia
580 3546 639 3599 in
694 3545 874 3599 multis
926 3545 1135 3617 imperii
1188 3543 1391 3597 Rossiei

372 3626 661 3693 provinciis
684 3624 953 3696 reperitur
975 3643 990 3677 t
1020 3637 1082 3677 ut
1106 3622 1289 3677 videre
1310 3636 1389 3677 cst

374 3704 429 3755 in
452 3704 837 3757 commentariis
861 3694 1193 3757 Academica!
1212 3702 1389 3757 Petro-

372 3782 643 3851 politanae.
664 3785 829 3837 Baooe.

456 3866 509 3923 4.
538 3862 666 3915 Ossa
686 3884 713 3915 e
736 3876 867 3916 terra
884 3866 1033 3921 nasei.
1056 3862 1179 3915 Non
1198 3878 1227 3913 e
1247 3874 1383 3915 terra

370 3954 681 4007 nascuntur,
719 3941 813 3996 sed
851 3956 978 3996 sunt
1006 3960 1121 3995 ossa
1158 3940 1351 3995 fossilis
1368 3980 1385 4007 ,

372 4036 493 4087 quo
521 4021 715 4089 passim
748 4022 1109 4077 inveniuntur.
1135 4018 1267 4074 vidi
1306 4022 1382 4073 ef·-

1491 1888 1628 1940 fossa
1670 1885 1883 1939 Parisiis
1931 1886 1990 1939 in
2046 1886 2345 1939 cameterio
2394 1888 2511 1941 DD.

1488 1966 1887 2019 Innocentium.
1912 1966 1994 2017 De
2019 1966 2226 2018 ossibus
2251 1966 2514 2021 fossilibus

1487 2043 1613 2097 vide
1662 2044 1743 2096 Cl.
1784 2043 2179 2105 Leibnitzium,
2225 2044 2283 2097 in
2328 2044 2516 2098 Proto·

1489 2140 1630 2195 goea,
1658 2140 1781 2195 pag.
1809 2126 1876 2175 62
1903 2142 2025 2195 sqq.·
2045 2123 2212 2177 Βιιοτ.
2241 2154 2322 2167 —-
2353 2124 2513 2179 Conf.

1486 2203 1614 2255 item
1663 2200 1731 2255 de
1782 2202 1985 2255 ossibus
2039 2203 2104 2255 iis
2145 2204 2210 2255 D.
2257 2204 2474 2258 cnvm
2493 2242 2510 2270 ,

1486 2292 1524 2333 t.
1536 2282 1644 2348 111,
1667 2300 1720 2352 p.
1737 2280 1846 2336 581
1865 2300 1978 2352 sqq.
1992 2280 2119 2335 edit.
2141 2282 2379 2352 hujusce.
2401 2284 2508 2337 En.

1570 2361 1620 2413 5.
1670 2362 1902 2413 Palmati.
1965 2361 2076 2426 Qui
2118 2363 2309 2431 palmae
2365 2361 2510 2415 intus

1484 2438 1639 2492 fracti
1665 2440 1894 2511 effigiem
1919 2441 2168 2493 referant.
2197 2439 2377 2494 Ham).

1568 2521 1624 2571 6.
1657 2518 1952 2587 Pompeium.
1997 2518 2225 2572 Cneium
2262 2519 2507 2591 Pompeii

1483 2594 1666 2666 Magni
1695 2596 1894 2649 filium:
1923 2596 1995 2649 cf.
2026 2598 2140 2663 111,
2169 2616 2283 2670 cap.
2312 2598 2364 2651 3.
2397 2599 2466 2652 H.

1564 2694 1621 2743 7.
1670 2674 1817 2727 Venit
1869 2678 1922 2726 in
1974 2694 2226 2729 mar-mom.
2277 2678 2506 2731 Tantam

1482 2753 1683 2807 habent
1727 2755 1786 2807 in
1822 2751 2060 2806 adificiis
2105 2758 2471 2810 auctoritatem
2496 2795 2516 2822 ,

1482 2844 1732 2904 quantam
1761 2833 1874 2904 ipsa
1898 2850 2182 2885 marmora.
2202 2834 2384 2888 Ham.

1565 2916 1618 2967 8.
1652 2912 1792 2965 Sicut
1821 2914 2092 2964 Tamen-ius.
2129 2912 2210 2963 De
2247 2913 2506 2967 Taenariis

1479 2989 1778 3063 lapicidinis
1791 2991 1860 3045 ef.
1883 2990 2199 3044 strabNm
2215 3030 2228 3053 ,
2246 3010 2300 3061 p.
2327 2991 2464 3063 367.

1562 3090 1619 3140 9.
1660 3072 1740 3123 At
1784 3070 2106 3123 Tusculanam
2144 3070 2348 3139 dissile're
2378 3074 2500 3142 igni.

1482 3150 1572 3202 Sic
1613 3148 1670 3203 in
1699 3150 1820 3221 igne
1863 3150 2121 3219 crepitat,
2163 3168 2322 3220 quem
2361 3152 2502 3206 Galli

1479 3230 1670 3281 ardoise
1712 3229 2004 3299 appellant,
2051 3242 2346 3302 puramque
2391 3233 2502 3285 fere

1476 3306 1547 3361 ad
1590 3307 1886 3380 tegularum
1929 3327 2101 3362 usum.
2137 3310 2405 3381 Frequens
2444 3311 2500 3362 in

1476 3387 1799 3440 Aremoricis
1817 3387 2148 3453 Britonibus,
2183 3388 2502 3460 Andagavis·

1478 3484 1608 3538 que.
1640 3466 1821 3541 Ημιι).
2343 3498 2354 3505 -

1563 3564 1647 3600 ιο.
1672 3548 1792 3599 leem
1813 3548 2241 3600 malasversaeiles.
2255 3546 2496 3611 Quarum

1475 3626 1808 3679 circumactu
1861 3626 2060 3690 cultri,
2112 3644 2172 3677 ac
2223 3622 2496 3677 novacula

1480 3718 1760 3759 acuuntur.
1793 3704 2224 3759 H.--·V0!siniis
2263 3706 2493 3753 inventas.

1474 3786 1615 3837 Tota
1633 3785 1724 3838 illa
1741 3784 1888 3855 regio
1909 3781 2198 3852 antiquitus
2216 3779 2496 3833 volcanicis

1471 3864 1686 3934 ignibus
1707 3864 1910 3917 exarsit.
1935 3859 2068 3913 Inde
2089 3858 2241 3910 mola
2259 3859 2364 3911 iuoe
2379 3878 2498 3913 ver·

1470 3944 1644 3997 satiles
1657 3984 1674 4009 ,
1716 3960 1835 4012 quoe
1861 3940 2019 4011 vulgo
2040 3942 2220 4009 pierres
2256 3938 2496 3993 mentiens

1472 4012 1840 4093 (quenz-agan
1859 4010 2080 4087 mohin)
2095 4016 2367 4073 dicuntur.
2387 4018 2494 4074 En.
