2975 4684
368 1343 429 1396 ¹7

494 457 625 530 182

1020 452 1097 520 C.
1154 453 1494 524 PLINII
1537 452 1744 521 NAT.
1797 451 2049 520 HIST.

484 611 648 684 pora
668 580 1037 679 graciliora,
1066 583 1506 679 siccioraque,
1539 607 1658 677 per
1685 605 1830 676 quae
1855 583 2219 676 proceritas
2245 584 2583 716 signorum

385 705 448 756 ιε
484 693 689 784 major
723 685 1077 755 videretur.
1117 689 1275 756 Non
1304 689 1503 758 habet
1524 685 1798 756 latinum
1837 713 2078 757 nomen
2107 677 2580 783 symmetria&

474 817 667 889 quam
704 789 1199 894 diligentissime
1236 791 1621 878 custodivit,
1683 816 1856 861 nova
1908 794 2280 888 intactaque
2327 797 2582 865 ratione

468 896 817 992 quadratas
846 911 1149 966 ‘veterum
1189 913 1465 967 staturas
1505 898 1991 1026 permutando.
2029 899 2359 994 vulgoque
2391 899 2574 971 dice·
2595 911 2614 936 ‘

464 1001 611 1086 bat,
638 1001 723 1071 ab
756 1000 883 1072 illis
920 1003 1162 1089 factos,
1194 1001 1413 1098 quales
1452 987 1704 1071 essent⁸
1713 1001 2116 1090 ¹‚homines.
2147 1029 2186 1074 a
2213 1031 2318 1090 se,
2353 1005 2582 1136 quales

464 1106 847 1178 viderentur
901 1133 1064 1180 esse.
1120 1108 1403 1200 Propriae
1434 1105 1632 1200 hujus
1695 1107 1998 1178 videntur
2049 1134 2189 1180 esse
2237 1097 2572 1204 argutiae⁸²

464 1239 777 1310 operum,
804 1214 1186 1286 custoditae
1168 1237 1233 1278 ιιι
1260 1213 1542 1281 minimis
1579 1237 1843 1307 quoque
1877 1215 2097 1284 rebus.

571 1319 769 1391 Filios
808 1334 875 1390 et
918 1315 1263 1452 discipulos
1307 1315 1569 1412 reliquit
1613 1318 1912 1388 laudatos
1953 1319 2270 1410 artificeS,
2316 1321 2572 1415 Dahip-

468 1413 673 1522 ριιιιιιι
674 1414 723 1516 ³,
748 1441 811 1496 et
846 1408 1157 1494 Bedam⁸⁴
1160 1473 1178 1504 ‚
1212 1421 1326 1492 sed
1350 1438 1504 1492 ante
1533 1449 1766 1494 omnes
1793 1425 2311 1520 Euthycratem:
2366 1451 2569 1521 quan-

468 1557 664 1649 quam
708 1536 762 1602 is
804 1529 1234 1599 constantiam
1284 1529 1485 1621 patris
1541 1531 1761 1624 potius
1799 1529 2178 1617 aemulatus‚
2215 1556 2413 1626 quam
2441 1530 2572 1602 ele-

467 1640 789 1733 gantiam,
833 1647 1095 1702 austero
1140 1631 1370 1701 maluit
1410 1657 1686 1730 genere,
1730 1661 1926 1730 quam
1963 1637 2259 1731 jucundo
2291 1637 2568 1732 placere.

472 1745 703 1835 Itaque
733 1738 981 1833 optime
1024 1739 1345 1832 expressit
1400 1739 1756 1812 Herculem
1815 1741 2125 1836 Delphis,
2170 1756 2238 1812 et
2292 1743 2570 1813 Alexan·

456 1953 573 2008 pus.
598 1933 795 2006 Cujus?
822 1935 902 1986 De
928 1934 1156 2005 Sicyone
1186 1943 1346 1986 satus.
1374 1933 1467 1986 Ni-

454 2027 562 2068 tem
612 2032 715 2068 cur
756 2012 980 2085 pedibus
1026 2011 1283 2066 summis?
1328 2014 1464 2066 Amo

454 2111 685 2148 currere.
758 2093 949 2146 Penne
1018 2093 1129 2146 Cur
1199 2089 1465 2162 pedibus?

457 2174 625 2227 Venti
642 2174 859 2228 turbiue
875 2183 1023 2241 rapta
1042 2172 1182 2224 volo.
1201 2172 1267 2224 In
1283 2169 1464 2225 dextra

452 2271 551 2307 cur
572 2254 669 2308 ista
681 2250 967 2308 novacula?
978 2251 1241 2303 Monstrat
1258 2264 1461 2305 acutam

452 2333 581 2388 Hoc
598 2351 708 2388 esse
736 2345 787 2386 et
808 2331 947 2384 fen-o
972 2348 1061 2382 me
1087 2335 1247 2399 magis
1264 2341 1317 2382 et
1336 2331 1463 2385 cha·

450 2414 595 2484 lybe.
618 2415 729 2466 Cur
756 2411 811 2464 iu
834 2411 1007 2462 fronte
1030 2426 1181 2462 coma
1209 2408 1323 2462 est?
1347 2410 1463 2481 Ap-

452 2488 682 2562 prendar
712 2502 774 2542 ut
803 2488 982 2542 obvia.
1014 2486 1116 2540 Sed
1149 2504 1245 2540 cur
1272 2488 1463 2540 Omnis

453 2572 597 2623 abest
637 2569 819 2639 glabro
868 2567 1031 2620 crinis
1073 2565 1141 2617 ab
1194 2566 1465 2639 occipite?

449 2648 654 2719 Nempe
665 2645 813 2718 quod
824 2647 995 2718 eripui
1010 2663 1177 2718 quum
1191 2663 1276 2698 me
1298 2648 1457 2700 semel

447 2726 570 2780 alite
586 2743 741 2780 cursu
755 2765 770 2788 ,
802 2725 975 2778 Nemo
996 2723 1099 2778 erit
1118 2725 1345 2796 elapsam
1364 2726 1459 2796 qui

446 2823 695 2859 revocure
712 2815 887 2875 queat.
902 2804 1049 2856 Hanc
1070 2821 1289 2872 operam
1302 2803 1459 2858 fictor

446 2897 665 2956 propter
685 2899 782 2938 vos
802 2895 1111 2955 sumpserat,
1131 2883 1341 2952 hospes,
1351 2884 1455 2936 Pro

446 2965 647 3016 monito
676 2973 871 3016 starem
896 2981 1101 3033 semper
1130 2975 1191 3014 ut
1228 2974 1349 3015 aute
1376 2963 1457 3015 fo-

442 3059 546 3095 re..
574 3067 601 3090 ι
632 3042 815 3096 Haut).

520 3123 612 3176 80.
630 3122 747 3176 Non
766 3121 909 3174 habet
927 3123 1127 3174 latinum
1146 3139 1313 3172 nomn
1327 3139 1455 3192 sym·

440 3201 626 3254 metria.
662 3200 788 3254 Non
826 3213 903 3254 est
939 3201 1101 3272 igitur
1140 3200 1248 3252 visa
1279 3199 1453 3253 Plinio

436 3276 595 3349 digna
628 3279 795 3332 latino
834 3298 927 3334 ore
966 3297 1065 3332 vox
1086 3318 1101 3341 ,
1136 3297 1449 3344 commensus,

435 3374 545 3428 qua
572 3377 703 3414 voce
729 3359 888 3432 greci
926 3359 1036 3412 fere
1060 3357 1302 3412 voc-buli
1328 3379 1451 3424 συμ-

436 3439 639 3509 μετρίαις
672 3440 877 3492 ratione
910 3449 1142 3499 servata,
1165 3437 1449 3490 Vitruvius

436 3515 580 3571 haud
606 3518 767 3571 semel
800 3517 967 3570 utitur
996 3533 1009 3566 ι
1040 3515 1094 3566 in
1120 3515 1305 3586 primis
1331 3516 1444 3580 111,

440 3615 465 3649 1
492 3617 507 3648 ι
536 3623 561 3645 e
590 3597 666 3651 Ut
680 3598 835 3650 ctiam
852 3596 907 3648 ἱιι
928 3611 1149 3665 operum
1170 3594 1449 3664 perfectio-

432 3677 613 3741 nibus,
638 3676 965 3748 singulorum
990 3672 1351 3726 membrorum
1376 3671 1442 3725 ad

432 3758 725 3810 universam
764 3757 946 3827 figuris
984 3751 1215 3823 speciem
1256 3751 1443 3804 habeat

428 3853 761 3890 commensus
800 3833 1140 3887 exactionem.
1186 3857 1208 3878 ι
1256 3829 1441 3900 Neque

426 3915 695 3980 geminum
752 3913 881 3968 illud
948 3913 1165 3964 verbum
1226 3909 1403 3962 arrisit
1424 3948 1439 3971 ‚

426 3992 567 4060 quod
586 4033 601 4057 ,
626 4007 683 4046 ut
710 3992 1070 4066 symmetriam
1094 3988 1435 4060 significaret,

424 4069 624 4124 Plinius
652 4073 803 4125 aliter
824 4072 1091 4128 adhibuit,
1114 4071 1193 4134 11,
1228 4069 1281 4122 5.
1312 4087 1437 4122 con-

1553 1935 1794 2005 gruentia
1825 1936 2196 2007 aqualitssque
2227 1954 2241 1988 τ
2296 1961 2320 1984 ι
2353 1936 2568 1989 Etenim

1553 2013 1597 2066 si
1613 2014 1852 2066 avulsum
1869 2027 2048 2068 statuo
2061 2027 2248 2085 ceput,
2263 2013 2456 2084 inquit,
2473 2025 2566 2066 aut

1551 2091 1850 2145 membrum
1879 2092 2098 2164 aliquod
2119 2093 2428 2164 inspiceres,
2453 2111 2564 2146 non

1551 2183 1610 2224 tu
1630 2170 1848 2243 quidem
1869 2189 1933 2224 ex
1955 2173 2050 2224 illo
2075 2189 2252 2243 posses
2271 2189 2564 2244 congruen-

1549 2251 1676 2303 tiam
1687 2251 2139 2323 squalitatemque
2147 2249 2562 2323 deprehendere:

1551 2347 1726 2400 posses
1752 2343 1926 2382 tamen
1947 2329 2182 2400 judicare
2211 2347 2280 2383 an
2303 2328 2360 2382 id
2387 2330 2560 2399 ipsum

1550 2409 1672 2461 satis
1693 2409 1902 2479 elegans
1927 2420 2078 2461 esset.
2107 2434 2130 2458 ι
2163 2409 2216 2461 N
2217 2427 2276 2461 os
2290 2413 2564 2479 proportio·

1549 2505 1652 2540 nem
1671 2501 1724 2540 et
1745 2507 1900 2539 cortes
2105 2491 2200 2540 iam
2225 2487 2472 2542 dicimus.
2490 2489 2557 2541 Η.

1548 2597 1626 2610 -—·-
1648 2568 1764 2621 Non
1791 2565 1933 2618 habet
1958 2568 1992 2620 l.
2024 2585 2208 2620 nomen.
2241 2568 2385 2620 Bene
2419 2567 2556 2620 Plin-

1547 2663 1648 2699 nec
1665 2645 1806 2698 enim
1823 2665 2110 2698 commensus
2128 2687 2143 2709 ,
2173 2659 2264 2700 aut
2287 2647 2558 2698 commodu-

1547 2725 1684 2790 tatio,
1705 2722 1944 2778 eamdem
1963 2725 2071 2778 vim
2092 2726 2306 2778 habeut.
2331 2727 2495 2780 Βιιοτ.

1626 2805 1659 2857 8
1674 2823 1719 2856 t.
1755 2805 1936 2873 Quales
1955 2817 2134 2870 ment,
2153 2817 2256 2858 ete.
2277 2804 2418 2858 Vide
2434 2823 2558 2876 qno

1544 2881 1612 2936 de
1641 2883 1821 2954 gratia
1859 2884 2068 2954 pictura
2109 2883 2304 2937 dicturi
2343 2901 2556 2947 sumus,

1545 2963 1774 3026 XXXV.
1809 2963 1901 3016 36.
1931 2963 2109 3017 Haut).

1623 3045 1717 3096 82.
1741 3043 1984 3111 Arguu‘oe.
2014 3042 2286 3112 Elegantia
2311 3057 2551 3111 operum.

1540 3121 1664 3191 lpse
1701 3139 1832 3174 mox
1873 3119 1942 3172 de
1972 3121 2300 3191 Euthycrate
2329 3119 2548 3191 Lysippi

1539 3199 1653 3251 filio
1683 3219 1697 3250 ε
1731 3225 1754 3247 ι
1783 3198 2098 3268 Quanquam
2129 3199 2173 3250 is
2209 3199 2551 3250 constantiam

1537 3277 1700 3348 patris
1728 3276 1906 3346 potius
1926 3277 2227 3340 emulatus,
2253 3293 2415 3346 quam
2439 3276 2552 3328 ele·-

1533 3355 1788 3425 gentiam,
1813 3365 1912 3406 etc.
1943 3355 2180 3408 unum.

1617 3434 1713 3487 83.
1756 3434 1894 3485 Dok·
1853 3451 2046 3514 cippum.
2087 3434 2211 3486 Non
2249 3431 2549 3503 Labippum,

1535 3525 1593 3564 ut
1619 3529 1778 3584 supra
1803 3511 2122 3565 monuimus.
2144 3511 2210 3564 H.
2227 3512 2466 3564 ——Brot.
2487 3523 2550 3566 ut

1533 3609 1723 3662 supra,
1745 3609 1808 3644 ex
1823 3591 1973 3644 MSS.
1999 3591 2160 3662 Regg.
2182 3589 2376 3644 etedit.
2397 3591 2549 3660 prin·

1533 3671 1689 3741 cipe,
1723 3671 2004 3741 Lahippum.
2033 3671 2138 3724 En.

1613 3753 1706 3814 84.
1733 3751 1808 3803 Ee
1831 3750 2036 3802 Belum.
2065 3751 2215 3802 Alter
2239 3765 2270 3800 a
2291 3747 2544 3800 Vitruvio

1529 3828 1696 3882 Bedas
1745 3831 2024 3898 Byzantius
2069 3829 2124 3882 in
2169 3827 2546 3880 statuarios-um

1529 3927 1740 3980 quoque
1765 3909 2048 3979 insignium
2074 3909 2197 3960 albo
2225 3907 2461 3978 ponitur,
2489 3907 2548 3958 in

1529 3989 1679 4057 praes.
1709 3989 1804 4040 lib.
1835 3989 1950 4052 111,
1979 4005 2093 4058 pag.
2122 3985 2212 4052 37.
2239 3987 2318 4038 De
2342 3985 2546 4053 Euthy-

1531 4078 1671 4120 crate
1698 4068 1938 4136 superius
1963 4065 2208 4118 diximus.
2240 4061 2420 4112 Hum-
