2975 4684
292 952 423 1018 ..zi-s

1082 421 1389 489 LIBER
1436 417 1750 487 XXXV.

2340 419 2474 516 287

359 553 675 625 securitas
694 553 765 621 in
780 573 859 622 ea
880 576 953 621 re
977 565 1355 637 annotatur,
1378 564 1453 618 ut
1478 553 1556 618 L.
1582 547 1858 637 Manli0‚
1885 549 2016 637 Qu.
2042 531 2276 619 Fulvio
2306 578 2474 624 coss

360 685 535 730 anno
587 659 793 729 Urbis
848 681 1089 728 anxv
1132 659 1228 726 M.
1267 655 1566 725 Aufidius
1610 654 1830 724 tutelae
1870 655 2178 750 Capitolii
2227 659 2480 729 redem-

364 765 601 860 ptor¹‚
553 763 988 834 ‘’docuerit''
1016 778 1241 886 patres
1272 758 1670 857 argenteos¹²
1707 785 1848 830 esse
1887 760 2180 856 clypeoS,
2211 765 2324 856 qui
2359 791 2483 859 pro

364 873 543 966 aereis
576 895 743 965 per
729 869 1028 964 aliquot
1008 895 1144 963 Jam
1188 867 1393 938 lustra
1436 867 1956 962 assignabantur.

470 981 553 1046 V.
638 979 747 1045 De
802 979 1078 1070 picturae
1131 976 1328 1045 initiis
1384 976 1672 1060 incerta,
1730 993 1853 1041 nec
1924 973 2200 1042 instituti
2271 978 2488 1070 operis
2529 1013 2552 1048 ι

364 1083 638 1176 quaestio
667 1097 784 1153 est.
818 1083 1104 1177 AEgyptii
1140 1105 1255 1152 sex
1292 1080 1579 1150 millibus
1604 1103 1928 1148 annorum
1955 1079 2190 1172 apud
2175 1105 2348 1172 ipsos
2389 1085 2486 1151 iu-

362 1204 660 1272 ventam,
683 1190 1063 1282 priusquam
1090 1189 1157 1256 in
1182 1188 1508 1259 Graeciam
1531 1187 1872 1272 transiret,
1915 1184 2252 1263 affirmant
2272 1239 2289 1272 ‚
2320 1213 2488 1258 vana

367 1295 857 1388 praedicatione,
883 1310 958 1362 ut
978 1292 1195 1388 palam
1226 1307 1342 1362 est.
1380 1294 1599 1362 Graeci
1623 1307 1844 1360 autem
1881 1288 1986 1358 alii
2017 1291 2296 1383 Sicyone
2317 1291 2362 1378 ¹,
2386 1292 2494 1362 alii

364 1401 543 1494 apud
577 1399 960 1470 Corinthios
998 1413 1367 1493 repertam,
1410 1395 1674 1466 omnes²
1716 1395 1956 1465 umbra
1993 1394 2281 1466 hominis
2313 1397 2498 1468 lineis

364 1597 641 1662 xxxm,
689 1596 741 1651 5.
785 1599 867 1649 Ex
916 1596 1105 1650 Fulvio
1144 1595 1389 1663 consule,

363 1678 459 1750 qui
482 1688 659 1748 postea
680 1687 1025 1737 memoratur,
1047 1693 1212 1746 genus
1232 1674 1393 1744 traxit

366 1770 423 1810 ct
450 1755 639 1808 Fulvia
674 1755 915 1808 Plautina
959 1757 1094 1825 Aug.
1136 1755 1394 1808 Antonini

365 1831 553 1889 Severi
602 1834 743 1905 Aug.
788 1836 1015 1906 conjux3
1062 1846 1118 1886 et
1168 1834 1429 1904 Augusti'

364 1913 475 1968 duo
490 1915 704 1975 fratres,
723 1913 943 1966 Fulvius
955 1913 1133 1965 Julius
1146 1913 1390 1979 Quietus,

368 2005 421 2046 et
465 1991 684 2044 Fulvius
726 1992 902 2044 Julius
946 1991 1263 2045 Macrianus.
1302 1992 1391 2046 Sic

368 2073 513 2126 enim
540 2071 631 2124 ille
666 2071 721 2123 in
753 2089 976 2123 nummo
1004 2089 1177 2142 graeco
1203 2073 1392 2124 inscri-

370 2148 535 2212 bitur,
574 2149 665 2220 qui
705 2163 784 2204 est
822 2150 968 2221 apud
997 2153 1066 2203 D.
1094 2168 1169 2203 nn
1198 2151 1342 2202 Bou
1374 2168 1390 2203 τ

369 2234 511 2282 ΑΥΓ.
536 2233 723 2282 ΦΟΥΔ.
746 2235 873 2282 ῙΟΥ.
899 2229 1172 2282 KYHTOC
1200 2229 1262 2284 C.
1286 2230 1393 2282 hoc

368 2319 469 2373 est,
505 2305 741 2368 Σιῧαςὸς.
769 2309 909 2374 Iste,
932 2313 1070 2362 Ant
1098 2317 1157 2362 Φ.
1196 2313 1395 2364 toul.

371 2389 793 2440 MAKPIANOC.
816 2395 873 2441 E.
898 2389 1043 2442 CER.
1066 2387 1286 2458 Εὐσιὸἠς
1304 2391 1393 2442 Σε-

372 2465 559 2525 Εαστδς
576 2503 593 2530 ,
616 2466 737 2526 Pius
754 2468 887 2536 Aug.
920 2468 1105 2520 Ηιιιι).

458 2561 542 2597 ιο.
592 2545 777 2597 Tutela
818 2547 1057 2617 Capitolii
1105 2547 1387 2616 redemptor.

371 2624 479 2690 Qui
512 2637 660 2677 certo
686 2625 859 2695 pretio
895 2627 1143 2698 Capitolii
1175 2628 1390 2680 tutelam

370 2717 696 2774 susceperat,
716 2704 931 2758 utillud
950 2719 1148 2759 sartum
1172 2717 1391 2770 tectum,

370 2784 745 2854 integrumque
768 2795 1026 2839 tueretur.
1045 2785 1162 2837 Liv.
1184 2785 1392 2850 XXIV,

372 2879 429 2934 p.
458 2862 608 2916 251.
594 2879 609 2892 ·
648 2863 876 2926 «Quum
905 2881 1147 2916 censores
1178 2863 1249 2915 ob
1275 2865 1393 2915 ino-

370 2942 513 3012 piam
561 2939 731 2992 erarii
782 2957 836 2992 se
885 2943 995 3010 jam
1042 2941 1397 2994 locationibus

368 3020 695 3073 abstinerent
720 3016 913 3070 aedium
938 3022 1205 3073 sacrarum
1240 3033 1392 3074 tuen-

370 3099 589 3162 darum,
616 3109 716 3150 etc.
748 3095 979 3152 nnuc.

458 3177 843 3231 11.D0euerit.
890 3177 1169 3232 Senatores
1206 3177 1393 3232 admo-

374 3258 573 3317 nuerit.
599 3257 817 3329 clypeos
838 3271 1113 3328 argenteos
1134 3277 1245 3312 esse
1259 3298 1276 3324 ‚
1298 3258 1391 3330 qui

378 3337 499 3389 arei
539 3336 811 3390 dumtaxat
856 3355 884 3388 a
924 3337 1259 3403 censoribus,
1298 3337 1391 3409 qui

374 3415 534 3468 lustra
564 3416 853 3479 faciebant,
880 3418 1287 3470 aestimabantur.
1323 3415 1390 3470 Η.

460 3513 487 3547 ι
500 3513 550 3547 a.
560 3495 847 3564 Argenteus.
860 3495 982 3550 Fuit
992 3509 1239 3568 praeterea
1248 3495 1391 3548 aliud

375 3573 687 3646 clypeorum
723 3589 920 3644 genus,
958 3574 1101 3646 quod
1138 3576 1393 3628 nimirum

379 3651 1394 3725 munerislocomittebaturPrincipibus

377 3731 459 3783 vei
510 3732 770 3804 Augustis.
822 3731 1097 3803 Ejusmodi
1148 3733 1239 3785 ille
1292 3726 1395 3786 fuit

384 3835 409 3857 e
434 3827 619 3864 aureus
644 3829 891 3882 magnus.
922 3811 1104 3884 pondo
1132 3813 1395 3865 minarum

376 3890 577 3953 utine,-
604 3909 763 3960 quem
778 3891 961 3945 Simon
987 3889 1142 3944 Judoe
1162 3891 1403 3945 Maccha-

377 3967 481 4020 bei
522 3969 682 4022 fnter
714 3971 917 4040 popuio
957 3989 1183 4024 romano
1226 3971 1398 4037 misit,

384 4072 409 4093 ο
439 4043 508 4100 ad
542 4048 873 4102 stamendam
911 4069 1035 4104 cum
1068 4051 1144 4104 eis
1178 4053 1396 4105 societa-

1476 1607 1588 1648 tem
1609 1621 1661 1659 u,
1689 1607 1742 1660 ι,
1759 1595 1963 1650 Macch.
1987 1597 2144 1662 XIV,
2171 1603 2262 1661 24.
2286 1597 2500 1651 Pondus

1477 1674 1535 1726 id
1560 1673 1658 1728 fuit
1675 1688 1885 1728 centum
1911 1675 2136 1728 minium
2158 1676 2498 1730 denariorum

1476 1767 1863 1824 argenteorum.
1883 1753 2134 1826 Ejusdem
2155 1757 2362 1827 generis
2383 1759 2500 1828 cly-

1476 1851 1604 1904 peos
1641 1833 1821 1886 videre
1858 1847 1934 1886 est
1975 1835 2146 1905 pictos
2177 1837 2233 1888 in
2271 1855 2498 1888 nummo

1476 1913 1732 1965 Antonini
1785 1913 1864 1964 Pii
1918 1931 1982 1964 ex
2031 1931 2134 1966 oere
2186 1933 2383 1985 magno
2439 1915 2495 1967 in

1477 1992 1619 2045 Gaza
1668 1991 1830 2062 Regia
1849 2031 1863 2058 ,
1909 2005 1963 2045 et
2008 1991 2148 2062 apud
2193 1991 2497 2064 Angeloni,

1476 2089 1594 2141 pag.
1636 2087 1763 2140 171,
1787 2091 1851 2123 ex
1879 2089 1982 2124 oere
2010 2071 2263 2124 mediocri
2293 2073 2346 2125 in
2379 2073 2498 2125 Mu·

1476 2169 1565 2203 seo
1595 2161 1794 2204 nostro.
1819 2149 2012 2222 clypei
2033 2149 2141 2203 duo
2163 2163 2286 2204 sunt
2305 2151 2495 2222 insigni

1478 2241 1589 2282 arte
1617 2229 1890 2282 elaborati.
1923 2227 2063 2283 Hinc
2086 2231 2142 2282 S.
2170 2228 2298 2282 inde
2323 2233 2385 2284 C.
2409 2231 2496 2282 Se-

1478 2309 1850 2360 natusconsulto.
1895 2309 2039 2360 Infra
2085 2327 2326 2361 Ancum.
2374 2309 2498 2362 Haec

1479 2405 1590 2440 esse
1610 2405 1744 2438 arma
1765 2387 2006 2446 caelestc‘a.
2039 2387 2150 2440 sive
2169 2388 2299 2441 cailo
2325 2389 2498 2460 lapsa,

1480 2485 1666 2535 magna
1707 2456 2036 2519 fabulositate
2079 2485 2169 2538 qu.
2156 2465 2294 2519 Idam
2333 2467 2501 2520 finxe-

1478 2557 1622 2598 runt.
1644 2543 1746 2597 Hic
1766 2557 1908 2598 certe
1924 2564 2032 2597 non
2053 2557 2194 2600 sunt.
2215 2545 2350 2599 Nam
2369 2545 2502 2618 quid

1478 2623 1548 2677 ad
1575 2623 1901 2677 Antoninum
1929 2641 2074 2676 arma
2095 2625 2320 2679 caelestia
2343 2627 2504 2697 perti-

1478 2707 1646 2755 nent?
1686 2703 1951 2756 Sententia
1992 2703 2080 2755 bic
2117 2703 2244 2757 latet
2279 2704 2502 2759 totidem

1479 2799 1668 2835 vocum
1691 2821 1706 2846 ‚
1743 2795 1874 2852 quot
1909 2794 2033 2834 sunt
2063 2783 2252 2836 littero
2286 2803 2299 2836 :
2339 2811 2361 2833 ι
2394 2787 2503 2838 Au-

1479 2879 1636 2932 gures
1650 2860 2017 2914 Narbonenses
2027 2860 2256 2934 Clypeos
2267 2863 2503 2934 Insignes

1478 2943 1522 2992 Ι
1525 2951 1811 3010 egat-erunt
1827 2941 2144 3010 Imperatori
2164 2941 2458 2996 Antonino.
2471 2969 2494 2989 ι

1480 3019 1561 3071 De
1584 3017 1889 3090 hujusmodi
1923 3020 2123 3091 clypeis
2147 3019 2384 3075 dicemus
2407 3021 2500 3076 ad-

1477 3099 1587 3151 huc
1609 3099 1846 3151 inferius.
1871 3096 2048 3151 Hanu-

1561 3179 1631 3230 V.
1669 3197 1717 3230 1.
1765 3177 1935 3231 Groeee'
1947 3167 2120 3230 ‘aretem
2162 3181 2254 3232 αᾶἱ
2278 3179 2499 3254 Sicyone.

1479 3255 1630 3309 Idem
1653 3255 1855 3309 Plinius
1881 3256 2134 3326 inferius,
2163 3278 2279 3331 cap.
2313 3269 2402 3326 40,
2433 3261 2500 3317 de

1478 3337 1685 3408 pictore
1728 3335 1912 3388 Pausia
1950 3355 1968 3390 .·
2005 3363 2028 3384 α
2069 3337 2296 3409 Sicyone
2330 3355 2384 3394 et
2415 3341 2503 3396 hic

1480 3415 1640 3468 vitam
1667 3416 1773 3486 egit
1800 3437 1810 3466 :
1844 3414 2044 3488 diuque
2077 3417 2180 3470 fnit
2212 3419 2302 3472 illa
2333 3421 2502 3491 patria

1478 3495 1716 3566 pictura.
1748 3520 1771 3541 n
1804 3495 1986 3558 Ηᾼιιι).

1566 3594 1618 3628 2.
1656 3575 1851 3627 Omnes.
1877 3575 2076 3627 Omnes
2102 3573 2252 3628 initia
2275 3575 2498 3645 picturae

1482 3652 1537 3705 in
1567 3655 1670 3706 hoc
1691 3654 1860 3725 posita
1881 3673 1990 3706 esse
2015 3654 2194 3718 aiunt,
2227 3667 2284 3706 ut
2314 3654 2500 3706 umbra

1481 3733 1714 3785 hominis
1729 3771 1744 3796 ‚
1777 3746 1869 3786 aut
1889 3731 2103 3786 atterius
2126 3731 2369 3785 similiter
2388 3731 2464 3784 rei
2487 3773 2504 3799 ‚

1483 3812 1636 3865 lineis
1693 3809 2062 3865 tantummodo
2119 3808 2506 3864 describeretur

1484 3891 1598 3944 sine
1627 3891 1736 3944 ulio
1757 3891 1936 3943 colore
1964 3888 2136 3943 :idem
2166 3888 2329 3940 ferme
2346 3889 2505 3944 tradit

1487 3973 1846 4041 Athenagoras
1881 3969 1934 4020 in
1979 3968 2132 4036 legat.
2171 3985 2272 4036 pro
2308 3969 2504 4026 Christ.

1484 4063 1864 4117 auctoremque
1890 4047 2000 4117 ejus
2021 4046 2242 4116 pictum
2265 4047 2504 4104 Sauriam

2627 757 2705 779 ..ν-Η
