2975 4684
509 335 649 409 516
1047 334 1127 399 C.
1178 330 1502 401 PLINII
1550 329 1763 401 NAT.
1818 332 2085 399 msT.

503 473 784 565 Magnes
815 430 1215 561 appellat‘us⁶
1247 476 1348 531 est
1377 462 1460 529 ab
1487 463 1827 530 inventore
1850 456 1954 551 (ut
1982 476 2217 531 auctor
2246 477 2347 531 est
2376 462 2645 535 Nican-

503 571 664 664 der)
703 576 771 643 in
814 572 934 639 Ida
974 584 1308 663 repertus:
1345 592 1629 662 namque
1664 583 1730 636 et
1772 568 2016 661 passim
2056 570 2408 654 invenitur,
2440 586 2517 639 ut
2558 574 2645 641 in

504 678 822 773 Hispania
874 699 1154 770 quoque.
1203 678 1541 744 Invenisse
1595 673 1852 742 autem⁷
1912 673 2121 742 fertur
2139 727 2158 760 ,
2226 674 2427 743 clavis
2473 702 2643 745 cre-

505 786 804 882 pidarum
867 797 935 851 et
989 780 1204 849 baculi
1246 781 1517 874 cuspide
1562 779 1997 861 haerentibus,
2056 805 2261 874 quum
2328 798 2641 851 armenta

504 904 820 986 pasceret.
865 890 1176 982 Quinque
1215 910 1452 981 genera
1492 887 1812 979 magnetis
1854 888 2131 954 Sotacus
2172 878 2585 957 demon'strat
2614 916 2634 956 ε

504 996 988 1089 AEthiopicum:
1027 1019 1065 1061 e
1113 993 1456 1085 Magnesia
1496 991 1905 1061 Macedonia>
1964 994 2408 1074 contermina,
2470 997 2639 1061 Βω-

506 1102 693 1170 beida
747 1100 962 1170 lacum
1040 1098 1411 1192 petentibus
1477 1096 1709 1165 dextra
1756 1123 1771 1163 ε
1826 1099 2095 1165 tertium
2156 1098 2225 1165 in
2294 1100 2637 1191 Hyrietioo

505 1193 846 1277 Boeotiae⁸z
889 1219 1196 1299 quartum
1232 1204 1406 1272 circa
1423 1202 1889 1271 Alexandriam
1916 1202 2286 1271 Troadem:
2326 1205 2633 1297 quintum

441 1352 470 1405 3
508 1316 576 1382 in
615 1314 960 1407 Magnesia
989 1311 1176 1379 Asiae.
1209 1306 1607 1377 Differentia
1650 1310 1899 1402 prima,
1930 1333 2071 1378 mas
2103 1310 2186 1376 sit
2221 1332 2307 1377 an
2344 1309 2628 1378 femina:

507 1421 808 1515 proxima
839 1420 908 1485 in
934 1414 1175 1486 colore.
1207 1415 1379 1482 Nam
1417 1416 1529 1507 qui
1571 1417 1639 1482 in
1676 1415 2017 1508 Magnesia
2052 1414 2483 1484 Macedonica
2516 1440 2631 1483 re-

507 1520 912 1621 periuntur⁹,
951 1521 1078 1589 rufi
1119 1520 1421 1616 nigrique
1461 1534 1633 1587 sunt.
1692 1519 1985 1589 Boeot'ius
2024 1544 2187 1589 vero
2226 1520 2354 1590 rufi
2392 1520 2633 1590 coloris

505 1631 656 1726 plus
679 1631 910 1711 habet,
947 1651 1144 1721 quam
1179 1627 1375 1720 nigri.
1421 1628 1482 1693 Is
1518 1626 1631 1719 qui
1666 1626 1738 1692 in
1769 1625 2027 1694 Troade
2063 1628 2412 1707 invenitur,
2446 1629 2633 1721 niger

507 1751 610 1806 est
665 1750 730 1804 et
782 1734 1044 1803 feminei
1093 1756 1319 1816 sexus,
1360 1730 1640 1825 ideoque
1688 1732 1824 1799 sine
1883 1732 2155 1800 viribus.
2216 1735 2632 1810 Deterrimus

510 1856 732 1911 autem
774 1842 841 1906 in
879 1840 1220 1932 Magnesia
1261 1838 1429 1906 Asiae
1448 1890 1467 1923 ,
1502 1836 1819 1905 candidus
1852 1862 2064 1931 neque
2104 1838 2445 1908 attrahens
2492 1838 2627 1906 ser-

511 1972 658 2014 rum
676 1998 696 2029 ‚
719 1942 1072 2035 similisque
1104 1944 1368 2035 pumici.
1397 1944 1831 2036 Compertum
1860 1957 2049 2012 tanto
2078 1942 2441 2013 meliores¹⁶
2468 1968 2631 2029 esse,

507 2118 613 2179 λιῖ,
643 2116 686 2166 οἱ
714 2108 772 2165 ὃὸ
799 2106 1069 2181 σιδηρῖτιν,
1106 2114 1147 2163 οἱ
1178 2106 1236 2163 ὃὸ
1263 2102 1525 2180 ispani-a»-

510 2214 605 2247 τιν.
629 2192 720 2245 Ab
743 2192 990 2245 Heraclea
1023 2187 1206 2261 Lydiae
1232 2188 1443 2242 civitate
1469 2188 1527 2243 id

511 2273 564 2327 ei
601 2288 797 2325 nomen
839 2268 1045 2322 haesisse
1095 2267 1369 2338 significat.
1415 2270 1529 2321 Μά-

511 2372 706 2422 γνησσα.
731 2352 856 2411 λίθος
908 2360 963 2401 et
1003 2337 1251 2418 Ἡράκλεια
1285 2348 1524 2419 ¹Tzetzae,

517 2428 748 2486 Chiliad.
769 2428 881 2491 VI,
899 2446 948 2479 v.
981 2429 1111 2494 627.
1145 2428 1330 2479 Ham).

597 2514 651 2561 6.
683 2508 888 2575 Magnes
927 2504 1213 2575 appellatus.
1259 2502 1500 2559 Isidorus
1514 2547 1531 2573 ,

517 2588 704 2657 Origg.
733 2586 827 2638 lib.
848 2585 1007 2649 xvl,
1040 2602 1156 2655 cap.
1195 2592 1250 2648 4.
1271 2584 1406 2637 Sane
1423 2586 1534 2637 Ma-

515 2685 642 2739 gnes
669 2664 770 2717 viri
795 2664 1076 2735 proprium
1105 2682 1302 2719 nomen
1325 2678 1434 2729 est,
1457 2677 1535 2717 at-

517 2764 622 2817 que
635 2763 699 2797 eo
721 2744 937 2797 nomine
951 2742 1202 2797 Comicus
1217 2742 1360 2815 apud
1375 2744 1535 2795 Athe·

517 2843 690 2877 naeum
721 2822 984 2889 laudatur,
1011 2823 1107 2875 lib.
1124 2822 1234 2883 lx,
1255 2840 1375 2892 pag.
1399 2824 1532 2891 367.

517 2934 598 2947 —-·
613 2905 672 2956 ln
697 2904 792 2956 Ida
821 2915 1049 2973 repertus.
1073 2901 1160 2954 Sic
1183 2901 1310 2953 libri
1333 2918 1537 2965 omnes,

517 2984 673 3037 etiam
693 2982 842 3036 Mss.
864 2983 975 3035 Nec
995 2992 1199 3033 tantum
1221 2978 1429 3032 Isidoro
1447 2980 1537 3033 tri-

517 3058 792 3113 buendum
835 3073 1107 3131 putamus,
1140 3070 1202 3111 ut
1237 3057 1535 3131 quidquam

519 3156 822 3192 moveamus
869 3139 971 3191 hoc
1017 3138 1138 3191 loco
1157 3178 1173 3201 ,
1231 3156 1533 3210 quanquam

519 3220 612 3271 ille
634 3216 875 3269 Pliniana
899 3216 1012 3269 haee
1039 3234 1102 3269 ex
1124 3235 1271 3271 more
1289 3218 1534 3271 transcri-

519 3300 676 3359 bens,
703 3294 883 3365 Origg.
912 3293 1005 3346 lib.
1045 3294 1210 3361 xvl,
1235 3314 1352 3367 cap.
1387 3304 1419 3361 4
1436 3336 1452 3359 ,
1480 3301 1532 3349 in

519 3379 664 3431 India
681 3376 861 3445 legisse
882 3370 1122 3425 videatur
1136 3410 1150 3430 .
1172 3388 1232 3427 ut
1253 3389 1304 3428 et
1321 3376 1533 3428 Matho.

519 3454 680 3520 dens,
707 3454 801 3506 lib.
826 3450 895 3503 de
919 3448 1110 3521 Lapid.
1135 3464 1274 3521 pret.
1293 3472 1410 3524 cap.
1435 3454 1530 3516 43.

519 3538 613 3591 fol.
641 3541 708 3598 41
731 3550 746 3588 ε
777 3558 800 3579 ι
822 3532 1091 3601 Magnetes
1107 3528 1242 3600 lapis
1260 3544 1335 3583 est
1353 3532 1534 3583 inven-

521 3630 605 3669 tus
626 3612 770 3687 apud
791 3606 1144 3681 Troglodytas
1161 3644 1175 3669 ‚
1206 3608 1380 3673 Quem
1407 3611 1536 3681 lapi.

519 3695 652 3749 dum
703 3692 928 3764 genitrix
974 3688 1320 3742 nihilominus
1375 3688 1531 3743 India

517 3775 698 3827 mittit.
722 3798 745 3819 a·
787 3768 1089 3825 Inventoris
1135 3780 1306 3831 certe,
1349 3786 1378 3820 a
1421 3788 1531 3840 quo

518 3853 750 3921 magneti
787 3870 848 3905 ea
889 3848 1056 3903 indita
1094 3846 1376 3918 appellatio
1417 3861 1496 3901 est
1512 3886 1529 3913 ,

517 3930 618 3981 viri
635 3930 913 3993 prom-inm
931 3926 1078 3987 apud
1096 3926 1308 3981 Grecos
1329 3945 1531 3980 nomen

1614 2132 1721 2165 esse
1743 2112 2039 2169 docuimus.
2056 2116 2629 2189 H.—Moegnes.Vulgo‚

1614 2196 1801 2245 affimant
1860 2193 1983 2261 (ser
2044 2199 2344 2266 magne'ta'tlue
2364 2237 2379 2258 ‚
2442 2196 2635 2249 otidule'

1616 2268 1888 2342 timot-plne),
1918 2274 2083 2327 variat
2108 2274 2400 2328 coloribus.
2424 2274 2534 2329 En.

1645 2407 1656 2419 ¹
1698 2370 1753 2420 7.
1786 2352 2023 2405 Invehisse
2040 2366 2197 2405 autem
2206 2356 2390 2423 fertur,
2408 2369 2507 2411 etc.
2525 2354 2627 2409 Isi-

1618 2428 1810 2493 dorus,
1836 2432 1936 2485 loe.
1962 2431 2049 2485 cit.
2080 2433 2261 2487 Hum-

1701 2510 1754 2561 8.
1788 2510 1850 2561 In
1878 2510 2130 2581 Hyrietioo
2153 2514 2365 2567 Boeotioe.
2388 2514 2449 2563 In
2477 2530 2629 2581 agro,

1619 2586 1821 2657 Hyriea
1844 2589 2058 2643 Boeotia
2078 2592 2329 2663 oppidum
2350 2590 2629 2658 circumja-

1621 2679 1794 2719 cente.
1830 2668 1909 2720 De
1931 2687 1996 2721 eo
2026 2670 2257 2741 oppido,
2274 2668 2364 2723 lib.
2382 2669 2485 2729 IV,
2504 2686 2627 2738 oap-

1628 2762 1715 2796 ια.
1746 2745 1895 2797 Libri
1922 2746 2177 2803 hactenus
2206 2748 2355 2815 editi,
2396 2751 2445 2799 in
2474 2748 2633 2801 Echio

1621 2822 1843 2877 Boeott'oe.
1862 2826 1990 2896 Reg.
2022 2846 2057 2883 2
2070 2867 2086 2892 ,
2109 2842 2161 2881 et
2180 2828 2408 2881 Pintiani
2428 2830 2478 2879 in
2496 2826 2632 2899 Hyr-

1624 2906 1691 2953 ta'o
1708 2922 1730 2963 ,⁸
1760 2904 1914 2957 Colh.
1946 2906 2005 2970 3,
2038 2910 2091 2958 in
2126 2908 2353 2977 Hyeee'oo.
2386 2906 2531 2961 Nihil
2555 2906 2630 2959 vi·

1622 2999 1739 3033 sum
1755 2994 1829 3035 est
1844 3001 1979 3036 vere
1998 2986 2216 3039 lectioni
2232 2984 2631 3059 propinquam

1622 3059 1908 3133 Hyriete’co‚
1940 3064 2008 3115 ab
2056 3063 2257 3135 oppido
2294 3067 2507 3119 Boeotiae
2521 3105 2537 3130 ‚
2573 3077 2629 3117 ut

1624 3138 1871 3205 diximus,
1905 3140 1972 3193 de
2000 3160 2109 3213 quo
2132 3144 2227 3196 lib.
2248 3145 2349 3209 1v,
2370 3159 2419 3197 ο.
2451 3164 2540 3199 n.
2564 3144 2627 3197 Η.

1704 3238 1756 3288 9.
1786 3220 1917 3273 Nam
1944 3226 2028 3292 qm*
2047 3226 2097 3275 in
2121 3223 2411 3275 Macedonia
2434 3236 2485 3275 ee
2514 3224 2629 3275 Ma-

1619 3300 1789 3365 gnesia
1810 3302 2107 3367 reperiuntur
2122 3291 2218 3369 (sic
2236 3292 2425 3373 prius).
2444 3304 2509 3355 ln
2530 3314 2627 3355 vet.

1617 3374 1735 3429 ood-
1771 3402 1793 3423 α
1810 3378 1949 3433 Nam
1976 3380 2067 3450 qui
2091 3381 2146 3433 in
2174 3380 2442 3453 Magnesia
2464 3383 2631 3435 Maee-

1619 3454 1811 3509 donica
1842 3458 2241 3529 reperiuntur:-
2274 3474 2455 3531 posset
2478 3460 2629 3513 etiam

1618 3532 1723 3604 legi
1760 3534 1951 3588 eodem
1980 3554 2135 3590 sensu
2156 3578 2173 3601 ,
2222 3564 2246 3587 ι
2273 3540 2410 3593 Nam
2452 3540 2547 3610 qui
2578 3540 2631 3591 in

1620 3611 1945 3668 Macedonio
1966 3616 2231 3687 Mag-nenia
2248 3619 2630 3689 reperiuntur,-

1618 3704 1679 3744 ut
1690 3694 1849 3763 paulo
1870 3708 2008 3759 ante,
2025 3696 2414 3767 -AEthiopicum
2434 3716 2450 3749 ε
2473 3716 2503 3749 e
2524 3698 2630 3754 Mn·

1617 3772 1791 3840 gnesin
1818 3771 2161 3827 Macedonia.
2182 3800 2206 3823 ι
2234 3776 2398 3829 Pm.

1706 3868 1789 3903 ιο.
1813 3852 2111 3922 Compar-eum
2132 3866 2269 3905 tanto
2286 3856 2507 3907 melion:
2522 3856 2629 3908 «κε’.

1620 3928 1707 3982 Sic
1726 3930 2089 3998 Dioscorides,
2110 3930 2204 3985 lib.
2230 3932 2303 3996 V.
2334 3950 2453 4003 cap.
2486 3938 2625 3999 146:
