2975 4684
1043 406 1348 476 LIBER
1403 352 1777 473 xxxvl.
2340 402 2475 487 461

361 562 592 609 musca
624 562 640 605 ε
674 554 744 609 et
772 538 1158 612 Callicrates
1176 594 1197 627 ,
1241 540 1430 634 cujus
1457 540 1884 617 formicarum
1914 540 2114 634 pedes
2142 552 2340 631 atque
2366 538 2493 609 alia

359 646 658 715 membra
689 647 1032 742 pervidere
1073 671 1210 717 non
1251 660 1368 716 est.

465 754 554 823 V.
617 742 776 845 (Ἦ.)
835 757 996 824 Haec
1037 756 1168 825 sint
1205 753 1382 823 dicta
1426 751 1511 820 de
1552 777 1960 823 marmorum
2018 748 2491 846 scalptoribus,
2536 803 2555 836 ,

369 882 762 954 summaque
785 858 1080 931 claritate
1103 860 1432 930 artificum
1459 884 1474 925 :
1505 884 1639 953 quo
1674 864 1743 932 in
1780 872 2067 928 tractatu
2108 858 2285 927 subit
2312 883 2493 941 men-

361 978 495 1034 tem
523 989 660 1034 non
681 964 878 1035 fuisse
898 982 1039 1038 tum
1056 950 1516 1037 auctoritatem
1536 964 1876 1037 maculoso
1904 966 2251 1061 marmori:
2275 963 2491 1035 fecere

315 1082 320 1107 ¹
359 1094 396 1138 e
416 1070 681 1141 ‘thasio'
708 1072 1070 1166 Cycladum
1097 1061 1462 1144 insulzirum
1481 1125 1501 1159 ,
1537 1096 1721 1167 aeque
1750 1087 1817 1141 et
1850 1096 1887 1140 e
1922 1069 2197 1140 Lesbio:
2230 1068 2487 1141 lividius

358 1174 488 1247 hoc
540 1177 760 1272 paulo.
815 1179 1268 1251 versicolores
1323 1176 1591 1273 quidem
1649 1175 1971 1261 macula,
2034 1191 2100 1245 et
2156 1176 2225 1243 in
2272 1188 2485 1247 totum

357 1307 761 1353 marmorum
817 1301 1210 1381 apparatum
1253 1282 1657 1354 Menander²
1700 1288 1899 1355 etiam
1951 1280 2487 1377 diligentissimus

357 1386 632 1475 luxuriae,
646 1394 970 1483 interpres
990 1442 1010 1477 ,
1040 1393 1294 1485 primus
1315 1403 1384 1458 et
1411 1413 1563 1459 raro
1588 1391 1821 1486 attigit.
1852 1388 2197 1460 Columnis
2218 1386 2485 1457 demum

358 1496 714 1565 utebantur
752 1498 821 1563 in
859 1496 1155 1591 templis,
1203 1520 1330 1565 nee
1384 1493 1655 1565 lautitiae
1698 1520 1929 1577 causa,
1972 1493 2269 1565 nondum
2310 1495 2485 1563 enim

356 1602 482 1667 ista
538 1598 1108 1695 intelligebantur;
1150 1600 1266 1671 sed
1305 1601 1461 1694 quia
1508 1600 1832 1671 firmiores
1873 1600 2061 1672 aliter
2103 1600 2302 1669 statui
2350 1624 2486 1669 non

356 1718 684 1835 poterant.
714 1708 824 1776 Sic
855 1721 956 1776 est
989 1707 1372 1777 inchoatum
1406 1706 1684 1776 Athenis
1708 1706 2031 1803 templum
2055 1708 2238 1777 Jovis
2263 1703 2488 1801 Olym·
2525 1754 2553 1786 2

354 1796 509 1903 pii³‚
537 1835 616 1879 ex
657 1836 791 1906 quo
819 1812 995 1927 sylla
1023 1812 1410 1909 Capitolinis
1446 1812 1694 1883 aedibus
1728 1814 2084 1883 advexerat
2120 1810 2483 1882 columnas,

354 1918 505 1985 Fuit
544 1932 765 1987 tamen
802 1906 974 1987 inter
1014 1918 1329 2056 lapidem
1348 1933 1549 2013 atque
1586 1936 1881 1995 marmor
1922 1918 2297 1988 differentia
2345 1918 2482 2011 jam

354 2036 420 2090 et
460 2023 638 2119 apud
677 2026 1062 2094 Homerum.
1109 2011 1329 2095 Dicit⁴
1363 2026 1537 2093 enim
1584 2049 1963 2095 marmoreo
2006 2050 2163 2094 saxo
2206 2028 2481 2117 percus-

351 2154 554 2199 sum:
599 2130 714 2199 sed
748 2116 1125 2201 hactenus&
1170 2131 1408 2226 Regias
1439 2155 1709 2226 quoque
1745 2131 1980 2201 domos
2010 2154 2219 2225 quum
2257 2128 2483 2198 lauda-

353 2234 597 2305 tissime
624 2252 863 2330 praeter
889 2263 1007 2325 aes,
1029 2262 1290 2323 aurum,
1322 2236 1638 2306 electrum
1657 2254 2085 2335 Margentum
2122 2236 2321 2305 ebore
2348 2250 2486 2305 tan-

355 2354 496 2409 tum
545 2330 925 2413 adornans?
963 2346 1258 2416 Primum
1301 2338 1429 2437 (ut
1471 2338 1803 2434 arbitror)
1848 2340 2279 2415 versicolores
2324 2344 2481 2412 istas
2518 2366 2549 2418 3

1544 2552 1599 2606 3.
1636 2552 1884 2624 Templum
1928 2554 2063 2608 Joois
2104 2552 2338 2623 Olympii.
2388 2550 2479 2603 In-

1459 2633 1707 2685 choatnm
1744 2634 1944 2703 pariter
1984 2632 2115 2687 dicit
2138 2630 2481 2703 Tranquillus

1461 2712 1519 2765 in
1564 2712 1805 2783 Angusto
1827 2750 1843 2777 ,
1884 2730 2005 2783 cap.
2051 2730 2137 2765 nx.
2182 2711 2480 2764 Perfectum

351 2554 514 2607 ebore
557 2566 750 2625 prater
791 2554 927 2609 hanc
983 2574 1330 2611 marmoream
1356 2596 1372 2623 ,

351 2631 655 2704 quadrigam
681 2634 724 2685 in
763 2635 918 2700 fecit,
939 2633 1008 2689 de
1032 2655 1136 2708 qua
1165 2634 1372 2689 dictum

353 2722 432 2763 est
471 2712 564 2765 lib.
589 2714 732 2776 vn,
757 2730 873 2784 cap.
910 2732 1008 2783 ²13
1039 2728 1102 2768 ut
1127 2728 1180 2769 et
1208 2714 1370 2768 caui-

299 2806 306 2813 ’
349 2802 544 2855 crates,
583 2793 732 2862 cujus
769 2794 1000 2847 artificio
1048 2793 1372 2847 delectatum
1459 2808 1590 2843 vero
1619 2789 2026 2863 dedicatumque
2065 2791 2131 2843 ab
2177 2788 2481 2853 Hadriano,

351 2868 610 2922 Periclem
635 2870 688 2921 in
722 2870 910 2940 primis
937 2870 1122 2925 scribit
1160 2872 1371 2925 Plutar-

351 2947 484 3000 chne
505 2946 562 3000 in
587 2948 816 3011 Pericle,
837 2968 892 3020 p.
928 2950 1058 3020 159.
1081 2950 1264 3004 Hann-

439 3028 504 3081 V.
524 3046 572 3081 1.
589 3026 704 3080 Fec.
732 3048 760 3079 e
785 3028 986 3092 Thasio,
1015 3043 1118 3083 etc.
1145 3029 1366 3085 Statu-⁸.

350 3107 534 3160 Thnnii
561 3106 753 3178 lapidis
778 3106 921 3177 apud
943 3108 1198 3168 Senecam
1227 3128 1372 3164 men·

353 3187 462 3252 tio,
489 3186 646 3259 epist.
671 3204 898 3253 zxxxvr,
929 3191 1082 3259 cnjus
1109 3190 1323 3243 initium
1352 3208 1365 3243 ε

357 3292 382 3314 ι
402 3266 468 3319 In
507 3268 622 3337 ipen
650 3266 910 3340 Scipionis
935 3268 1170 3322 Africani
1207 3270 1330 3324 ville
1348 3308 1363 3332 ,

348 3358 453 3399 ete.
476 3370 499 3393 ι
529 3347 708 3400 Lesbii
739 3349 1052 3415 marmoris,
1077 3347 1222 3420 apud
1241 3348 1368 3402 Isid.

351 3424 534 3497 origg.
563 3426 656 3480 lib.
702 3428 868 3491 XVI,
897 3446 1011 3499 cap.
1051 3427 1080 3481 5
1101 3467 1116 3492 ,
1145 3426 1293 3499 quod
1319 3441 1375 3482 et

347 3504 564 3561 lividius
593 3524 703 3560 esse
735 3506 1036 3562 confitetur.
1071 3506 1251 3560 Hun.

433 3603 486 3637 2.
517 3586 800 3640 Menander.
834 3587 1116 3651 Comicus,
1153 3587 1246 3658 qni
1291 3587 1374 3640 lu-

351 3663 517 3716 xnriae
537 3684 704 3734 genus
719 3684 878 3719 omne
891 3666 1114 3738 pulchre
1132 3667 1370 3720 callebat.

349 3742 636 3809 Phoedrus,
667 3746 794 3799 Fab.
837 3746 930 3800 lib.
957 3748 1042 3799 V:
1076 3772 1098 3793 ι
1120 3744 1186 3799 In
1218 3746 1370 3817 queis

347 3820 640 3877 Menander
691 3826 897 3879 nobilis·
935 3824 1208 3880 comoediis
1255 3826 1371 3879 Un-

349 3915 542 3969 guento
564 3901 862 3970 delibutus,
882 3906 1075 3959 vestitu
1101 3905 1366 3971 adfluens,

349 3979 611 4035 Veniebat
631 4000 806 4053 grenan
833 3984 1066 4041 delicato
1093 3999 1146 4039 et
1165 3986 1366 4057 langui·

349 4056 460 4123 do,
487 4071 630 4112 οπο..
663 4060 841 4117 Iliun.

1457 2868 1763 2941 Spartianus
1780 2906 1797 2934 ,
1826 2870 1883 2923 in
1906 2874 2021 2943 ejus
2048 2870 2190 2934 vita3
2217 2880 2271 2922 et
2295 2869 2483 2921 Pausu-

1457 2950 1573 3003 nias
1600 2948 1659 3001 in
1684 2950 1896 3003 Atticis.
1922 2949 2105 3003 Hum-

1542 3036 1596 3093 4.
1640 3028 1794 3082 Dim.
1857 3028 2081 3082 Addunt
2140 3027 2266 3079 libri
2309 3025 2439 3081 editi
2464 3048 2477 3079 =

1464 3108 1643 3161 ‹Dicit
1662 3108 1803 3160 enim
1820 3107 2026 3163 Paridis
2044 3126 2103 3161 oe
2123 3124 2438 3160 marmoreo.
2450 3130 2474 3155 ι

1457 3188 1537 3241 At
1562 3188 1655 3241 has
1677 3206 1829 3241 voces
1855 3187 1986 3241 duas
2018 3186 2215 3239 Paridis
2244 3206 2297 3239 os
2322 3186 2478 3242 MSS.

1457 3268 1593 3320 nulli
1618 3278 1917 3339 agnoscunt
1944 3290 1957 3319 :
1987 3286 2087 3321 nec
2109 3266 2176 3319 de
2208 3264 2399 3319 Paride
2422 3264 2481 3317 id

1459 3364 1683 3418 nsquam
1700 3386 1717 3411 ,
1729 3346 1873 3418 quod
1890 3346 2109 3419 quidem
2124 3346 2480 3407 meminerim,

1459 3426 1727 3480 Homerus
1755 3426 2025 3499 prodidit,
2051 3425 2142 3480 sed
2164 3424 2235 3479 de
2266 3425 2482 3477 Cebrio·

1457 3524 1529 3559 ne
1545 3546 1561 3571 ,
1616 3508 1861 3560 Hectoris
1909 3508 2119 3578 auriga,
2179 3502 2332 3557 Iliad.
2386 3506 2435 3554 n
2463 3537 2479 3564 ,

1459 3604 1597 3639 vere.
1622 3586 1755 3657 735.
1782 3587 1963 3641 fluit).

1542 3668 1595 3719 ⁵.
1622 3664 1729 3718 Sed
1759 3667 1999 3718 haetenus.
2044 3661 2147 3716 Sed
2188 3678 2297 3712 non
2340 3658 2479 3711 ultra

1459 3746 1738 3799 marmoris
1770 3746 2093 3799 mentionem
2120 3740 2263 3792 fecit.
2292 3738 2359 3791 Η.

1540 3830 1593 3879 6.
1625 3827 1791 3879 Ebora
1821 3836 2003 3877 tantum
2033 3820 2294 3871 adornans.
2322 3816 2481 3870 Nulla

1456 3906 1745 3959 marmoris
1787 3905 1923 3957 fucta
1954 3898 2239 3953 mentione.
2269 3898 2479 3949 Locum

1457 3984 1680 4037 Homeri
1734 3983 2033 4045 attulimus,
2083 3978 2177 4031 lib.
2206 3976 2481 4039 XXXIII,

1457 4082 1576 4133 cap.
1610 4065 1694 4115 23.
1732 4064 1911 4114 nnn.
