2975 4684
1077 382 1394 449 LIBER
1447 352 1815 449 xx'xlv.

2372 389 2507 472 243

385 515 764 611 opertisque
795 511 1111 608 sulphure
1149 528 1218 581 et
1243 512 1422 583 ferro
1449 514 1691 589 mixtis.
1728 514 1957 602 Quum
1992 519 2322 609 coquitur,
2358 544 2509 591 mu·-

387 620 626 691 nienda
665 624 733 688 in
777 644 856 689 eo
905 642 1108 713 opere
1163 620 1485 689 foramina
1530 618 1831 713 spiritus⁷
1864 624 2178 693 convenit
2210 648 2225 691 :
2270 622 2515 719 alioqui

385 726 644 821 plumbi
681 726 1052 795 fornacium
1080 724 1322 795 halitus
1346 726 1581 795 noxius
1616 727 1915 813 sentitur,
1955 738 2021 797 et
2062 728 2406 821 pestilens,
2447 746 2514 803 et

385 832 658 902 canibus
712 833 1067 925 ocyssime3
1105 832 1400 901 omnium
1455 854 1617 900 vero
1666 830 2119 916 metallorum,
2160 837 2405 907 muscis
2446 852 2515 907 et

386 936 706 1009 culicibus
750 964 767 1006 ε
819 932 1250 1030 quamobrem
1300 963 1436 1007 non
1483 951 1639 1007 sunt
1678 961 1755 1005 ea
1801 937 1993 1007 taedia
2046 940 2115 1006 in
2135 925 2157 962 ⁸
2209 940 2509 1012 metallis.

385 1043 674 1132 Quidam
694 1042 720 1079 ⁹
757 1045 826 1111 in
856 1042 1206 1136 coquendo
1243 1043 1509 1113 scobem
1548 1041 1803 1137 plumbi
1826 1041 1981 1111 lima
2014 1047 2348 1135 quaesitam
2379 1048 2509 1117 sul-

385 1149 584 1243 phuri
618 1150 940 1218 miscent:
979 1148 1090 1217 alii
1131 1173 1463 1219 cerussam
1513 1151 1735 1243 potius
1759 1202 1779 1235 ,
1822 1172 2021 1241 quam
2068 1148 2363 1243 sulphur.
2408 1156 2515 1223 Fit

383 1269 455 1323 et
485 1253 762 1323 lotura¹⁰
793 1252 1057 1348 plurimi
1093 1278 1251 1323 usus
1285 1257 1352 1323 in
1379 1254 1961 1347 medicina‚quum
1992 1278 2062 1324 se
2098 1256 2245 1347 ipso
2280 1260 2514 1329 teritur

385 1361 804 1429 iri-mortariis
819 1358 1146 1453 plumbeis
1171 1359 1396 1429 addita
1412 1380 1583 1453 aqua
1603 1359 1867 1445 caelesti,
1894 1359 2111 1430 donec
2137 1379 2512 1434 crassescat.

382 1466 619 1537 Postea
649 1468 1084 1558 supernatans
1116 1487 1286 1557 aqua
1302 1463 1345 1487 ²¹
1380 1462 1635 1532 tollitur
1670 1466 1961 1561 sppngiis
1990 1490 2005 1531 ε
2034 1465 2215 1557 quod
2250 1472 2515 1539 crassis-
2551 1502 2581 1553 3

383 1571 624 1639 simum
651 1568 805 1651 fuit,
830 1570 1146 1637 siccatum
1174 1568 1492 1638 dividitur
1516 1569 1585 1636 in
1604 1567 1918 1662 pastillos.
1938 1570 2290 1658 Quidam¹²
2322 1572 2515 1645 lima·-

385 1689 528 1743 tum
573 1673 920 1768 plumbum
989 1675 1086 1743 sic
1137 1688 1408 1745 terunt:
1455 1674 1724 1793 quidam
1778 1675 1972 1745 etiam
2020 1674 2516 1773 plumbaginem

383 1780 795 1848 admiscent:
822 1776 951 1846 alii
971 1802 1134 1849 vero
1165 1794 1464 1863 acetum,
1492 1779 1600 1851 alii
1637 1782 1906 1866 vinum,
1933 1779 2042 1851 alii
2068 1781 2371 1876 adipem,
2407 1784 2516 1856 alii

387 1908 626 1954 rosam.
660 1883 1000 1972 Quidam
979 1910 1046 1954 m
1073 1886 1390 1954 mortario
1413 1884 1710 1980 lapidee,
1738 1900 1807 1953 et
1836 1888 2121 1955 maxime
2142 1888 2511 1973 Thebaic0,

381 1988 698 2085 plumbeo
728 1976 1036 2083 pistillo²³
1080 2004 1292 2062 terere
1327 1989 1623 2059 malunt:
1654 1989 2126 2087 candidiusque
2152 1993 2230 2063 fit
2261 1998 2353 2063 ita
2382 2022 2513 2067 me-

378 2096 844 2165 dicamentum.
876 2094 954 2163 ld
983 2108 1209 2165 autem
1237 2096 1416 2190 quod
1447 2112 1670 2165 ustum
1705 2109 1806 2165 est
1832 2096 2205 2229 plumbum,
2230 2099 2511 2188 lavatur,

381 2216 448 2271 et
482 2202 716 2271 teritur
730 2186 780 2232 ¹⁴

462 2390 515 2441 7.
539 2370 798 2422 Foramina
825 2372 1040 2437 spiritus.
1071 2370 1239 2425 Nares
1261 2372 1399 2424 Dio-

381 2468 519 2503 σοον.
555 2446 821 2508 tundent<
855 2448 970 2509 τοὺς
1005 2448 1248 2519 ῥώθωνας·
1275 2452 1399 2517 βλα-

381 2527 502 2599 Gap&
522 2530 614 2599 γὰρ
635 2528 666 2583 ἡ
689 2527 930 2598 ἀποφορά.
956 2526 1140 2581 unu).

465 2609 620 2662 8.1n
653 2606 877 2660 metallis.
901 2607 966 2658 In
989 2606 1188 2661 fodinis
1213 2608 1400 2661 metal-

379 2688 493 2741 licis
518 2704 628 2741 non
654 2694 782 2737 sunt
808 2702 870 2737 ea
896 2685 1160 2739 animalia.
1188 2687 1258 2739 Η.

463 2784 517 2833 9.
551 2764 782 2836 Quidam.
822 2762 1121 2817 Dioscorid.
1161 2766 1266 2818 loc.
1309 2765 1399 2818 cit.

381 2834 660 2913 i’tviepoeroe.
671 2838 904 2911 μολίὸδου
927 2842 1088 2906 βαλὸν
1103 2842 1237 2896 κατὰ
1257 2846 1400 2910 θείου,

379 2934 486 2975 ete.
513 2922 642 2975 Mox
666 2917 860 2971 deinde
886 2920 1288 2993 plumbaginem
1306 2942 1398 2994 ap-

379 3000 563 3073 pellat,
580 2996 786 3071 argenti
803 3014 991 3051 venam
1015 3000 1238 3072 plumbo
1263 3002 1399 3055 mix-

380 3094 508 3134 tam.
531 3078 713 3133 man.

469 3178 552 3213 ιο.
584 3160 734 3212 Fine
749 3155 926 3209 lotum.
951 3156 1164 3213 Plumbi
1184 3160 1399 3226 scilieet,

379 3235 529 3311 quod
553 3239 762 3292 lavatur
785 3251 846 3286 ea
871 3255 991 3308 qun
1014 3240 1296 3312 subjicitur
1320 3258 1401 3293 ra-

379 3320 552 3379 tione,
578 3336 739 3391 qnam
758 3324 812 3366 et
833 3316 1010 3372 Diosc.
1038 3319 1260 3374 totidem
1285 3338 1399 3374 ver·

381 3398 462 3453 bis
485 3397 746 3471 prodidit,
776 3393 856 3457 V,
882 3398 977 3465 95.
1008 3399 1194 3454 lhan-

463 3496 486 3531 ι
505 3495 550 3529 r.
582 3478 761 3530 Postea
775 3489 1090 3545 supernatans
1116 3498 1244 3553 aqua
1257 3518 1274 3544 ,
1293 3490 1394 3532 etc.

378 3558 554 3611 Dione.
577 3558 678 3610 loc.
707 3558 797 3611 cit.
825 3554 1004 3609 Hanno.

464 3655 548 3689 n.
575 3638 804 3705 Quidam.
831 3636 1008 3691 Diosc.
1034 3639 1136 3691 loc.
1166 3636 1255 3690 eit.
1283 3636 1355 3689 H.

460 3716 550 3770 13.
579 3716 811 3769 Plumbeo
830 3716 1036 3785 pistillo.
1071 3716 1392 3770 Plumbenm

377 3794 536 3848 modo
567 3796 744 3849 Diosc.
783 3797 882 3849 loc.
925 3796 1012 3849 cit.
1055 3794 1219 3849 modo
1257 3794 1392 3867 lapi-

379 3870 536 3926 deum
564 3874 820 3931 adsciscit.
846 3874 1024 3928 ffinn.

781 2215 913 2281 ,ut
947 2200 1219 2269 cadmia.
1261 2202 1484 2271 Potest
1508 2190 1981 2295 adstringere¹⁵
1988 2253 2007 2285 ,
2042 2206 2312 2291 sistere,
2342 2231 2509 2276 con-

1487 2382 1549 2423 nt
1575 2368 1731 2423 stibi
1738 2380 1793 2422 et
1828 2368 2071 2423 cadmia.
2104 2372 2303 2426 »baud
2336 2376 2509 2445 pumi-

1487 2448 1647 2503 tenda
1667 2466 1790 2501 sane
1809 2448 2068 2503 lectione·
2097 2469 2221 2503 mm
2237 2450 2307 2506 de
2332 2454 2507 2509 lotura

1487 2528 1684 2581 stibeos
1702 2568 1717 2590 ,
1746 2526 1952 2581 dictum
1986 2541 2067 2581 est
2100 2530 2374 2597 XXXIII,
2411 2533 2504 2599 34.

1483 2608 1689 2660 Verum
1709 2606 1766 2658 in
1790 2606 1945 2660 MSS.
1962 2608 2093 2679 Reg.
2118 2628 2147 2660 a
2176 2613 2502 2685 caterisque,
2592 2668 2595 2675 ,

1487 2686 1743 2739 ‹lavatur
1771 2698 1823 2737 et
1849 2685 2004 2739 istius
2028 2700 2083 2740 et
2107 2688 2343 2744 cadmia.
2377 2694 2503 2747 Pot-

1485 2778 1562 2819 est
1588 2764 1942 2835 adstringere,
1962 2778 2096 2819 εἰσ..
2122 2768 2283 2823 Unde
2302 2771 2502 2826 Pintia-

1485 2864 1585 2899 nus
1596 2844 1916 2914 conjiciebat
1929 2884 1946 2911 ,
1968 2872 1995 2891 «a
2006 2845 2230 2901 lavatur.
2246 2850 2317 2901 Et
2336 2850 2502 2916 istius,

1483 2937 1548 2977 ut
1588 2923 1832 2985 cadmia,
1885 2936 2113 2994 potestas
2162 2928 2438 2998 stringere.
2469 2956 2491 2977 ι

1486 3002 1592 3058 Sed
1610 3042 1626 3067 ‚
1672 3016 1733 3057 ut
1762 3012 1950 3057 caetera
1980 3005 2187 3071 sileam,
2215 3024 2315 3060 nee
2337 3010 2499 3072 istius,

1484 3100 1586 3137 nee
1606 3086 1867 3152 stringere,
1901 3082 2061 3136 Plinii
2090 3086 2383 3139 orationem
2418 3106 2497 3159 3εὸ-

1483 3163 1581 3233 pit.
1620 3161 1809 3216 Iavari
1851 3172 2023 3214 autem
2045 3202 2061 3228 ,
2104 3177 2166 3217 ut
2202 3165 2461 3221 cadmiam
2479 3209 2495 3235 ,

1481 3241 1833 3313 printermisso
1872 3239 2027 3306 stibi,
2052 3240 2163 3297 diei
2194 3262 2337 3300 nnnc
2377 3250 2497 3303 satis

1481 3319 1755 3382 duximus,
1793 3338 1823 3373 a
1862 3320 2173 3376 Dioscoride
2204 3325 2494 3393 admoniti,

1482 3401 1661 3471 qniV,
1701 3402 1814 3470 96.
1852 3402 1936 3452 Aa?
1962 3395 2051 3466 δὲ,
2076 3402 2281 3475 inquit,
2300 3409 2491 3460 πλύνειν

1482 3481 1673 3533 αὐτὸν
1650 3500 1713 3539 ως
1752 3480 1839 3535 τὴν
1864 3440 2109 3551 καδμεξαν
2145 3488 2228 3538 και
2264 3486 2492 3538 dii-orion·

1482 3564 1611 3612 σθαι.
1642 3558 1818 3624 Quare
1837 3578 1939 3628 pro
1960 3571 2008 3611 et
2030 3566 2168 3615 istius
2188 3576 2235 3615 et
2255 3564 2489 3629 cadmia,

1479 3656 1577 3691 nos
1602 3650 1649 3691 et
1678 3642 1848 3691 teritur
1865 3652 1918 3691 ue
1938 3641 2129 3692 cadmia
2158 3642 2492 3713 scripsimus,

1480 3718 1630 3789 qnod
1650 3718 1767 3773 fieri
1786 3718 2001 3791 quidem
2022 3720 2224 3774 Plinius
2247 3738 2343 3773 suo
2368 3721 2490 3773 loeo

1479 3796 1751 3869 prodidit,
1773 3798 1880 3851 hoe
1898 3810 2136 3868 est,cap.
2166 3817 2255 3851 υ.
2284 3798 2353 3851 Η.

1566 3897 1589 3931 r
1603 3878 1654 3932 5.
1686 3878 1857 3930 Potest
1883 3876 2193 3943 adstringere.
2234 3876 2358 3931 Haec
2386 3888 2491 3933 tot-

445 3958 552 4015 ‚14
571 3954 804 4021 Lantur,
825 3968 874 4008 et
895 3959 1078 4013 teritur,
1103 3966 1160 4007 ut
1183 3952 1388 4007 cadmia.
1476 3956 1619 4012 idem
1650 3958 1761 4011 fere
1800 3955 1977 4007 verbis
2004 3953 2247 4009 Dioscor.
2280 3958 2381 4012 loc.
2403 3960 2491 4012 eit.

375 4028 442 4081 ln
473 4030 621 4088 libris
638 4034 888 4091 haetenus
906 4033 1100 4135 edida·
1116 4062 1140 4084 ι
1167 4034 1388 4101 lavatur,

1477 4038 1692 4090 Δύναται
1707 4031 1765 4085 3⁴3
1780 4034 1964 4102 ψύχειν,
1977 4033 2495 4109 ςΰφειν,παριμπλάτο

2088 4122 2205 4193 16²
