2975 4684
479 385 624 470 646
1027 390 1105 456 C.
1155 387 1484 457 PLINII
1530 386 1745 455 NAT.
1792 388 2045 455 HIST.

589 518 845 589 XLIII.
899 521 1046 586 Ja'm
1082 520 1280 587 etiam
1329 533 1629 613 expertes
1666 539 2077 611 gemmarum
2121 514 2287 586 usu¹
2290 570 2311 601 ‚
2364 514 2603 614 appel-

485 622 705 694 lantur
722 622 918 716 aliqui
935 637 1001 691 et
1019 622 1591 717 chryselectri²,i1i
1618 624 1905 692 colorem
1930 622 2156 692 electri
2172 619 2599 707 declinantes,

480 731 802 799 matutino
839 742 1094 797 tantum
1141 745 1408 853 aspectu
1444 730 1741 823 jucundi.
1776 713 2123 799 Ponticas³
2161 728 2600 821 deprehendit

481 832 726 903 levitas.
753 833 1112 923 Quaedam
1093 858 1164 903 m
1187 836 1266 904 iis
1295 834 1476 905 durae
1500 848 1653 904 sunt
1681 834 2011 929 rufaeque,
2039 833 2335 927 quaedam
2362 834 2599 905 molles

427 938 549 1007 et
583 938 880 1009 sordidae.
919 938 1218 1017 Bocchus
1250 955 1483 1010 auctor
1512 954 1641 1023 est,
1676 955 1743 1009 et
1773 942 1839 1008 in
1878 926 2227 1034 Hispania⁴
2261 955 2597 1033 repertas»,

479 1050 614 1138 quo
643 1045 709 1111 in
739 1041 886 1114 loco
923 1044 1296 1138 crystallum
1333 1046 1493 1115 dicit
1530 1044 1614 1115 ad
1650 1045 2111 1115 libramentum
2154 1066 2339 1139 aquae
2376 1049 2595 1139 puteis

414 1272 438 1305 1

409 1697 436 1733 1

480 1135 838 1244 depressis⁵
877 1164 1162 1235 erutam,
1195 1151 1645 1246 chrysolithon
1682 1176 1783 1221 111
1816 1150 2039 1245 pondo
2072 1174 2109 1217 a
2150 1174 2219 1218 se
2256 1152 2483 1218 visam

584 1256 834 1331 XLIV.
904 1256 1100 1324 Fiunt
1151 1272 1216 1325 et
1272 1255 1715 1387 leucochrysi¹
1724 1310 1743 1342 ‚
1800 1257 2271 1325 interveniente
2316 1251 2596 1325 candida

475 1382 664 1429 vena.
695 1362 908 1429 Sunt'
887 1384 957 1427 in
985 1360 1116 1429 hoc
1145 1386 1385 1455 genere
1417 1362 1725 1458 εαρῃίωἷ
1767 1364 1935 1430 Sunt
1962 1375 2029 1430 et
2056 1362 2277 1429 vitreis
2308 1360 2585 1447 simileS‚

471 1464 676 1535 veluti
701 1489 898 1534 croco
908 1451 1384 1560 &refulgentes
1405 1470 1616 1537 Vitrei
1642 1454 1839 1536 vero⁴
1866 1481 1941 1534 ut
1964 1468 2109 1534 visu
2136 1466 2415 1535 discerni
2444 1487 2582 1535 non

471 1572 761 1667 possint,
793 1585 1006 1639 tactus
1037 1572 1513 1665 deprehendit,
1535 1573 1857 1668 tepidior
1840 1596 1907 1638 m
1942 1572 2183 1639 vitreis.

578 1678 786 1746 XLV.
811 1679 891 1744 In
914 1677 1146 1745 eodem
1179 1704 1417 1773 genere
1449 1696 1605 1749 sunt
1630 1675 2037 1771 melichrysi¹
2046 1728 2064 1762 ‚
2092 1678 2204 1769 qui
2238 1674 2436 1743 veluti
2470 1702 2595 1770 per

552 1880 752 1933 XLIII.
773 1900 794 1933 t
807 1920 820 1933 .
842 1881 956 1933 Jam
969 1885 1110 1937 etiam
1128 1894 1338 1951 ειμι-τω
1357 1902 1486 1953 gem·

471 1977 654 2010 moretm
681 1979 783 2012 usu.
808 1960 1073 2024 Quoniam
1098 1978 1198 2013 nec
1225 1954 1387 2014 funda
1409 1962 1488 2013 in-

472 2035 777 2101 cluduntur,
798 2056 898 2090 nec
929 2050 1052 2090 sunt
1083 2038 1149 2091 ad
1171 2039 1486 2109 signandum

469 2114 654 2179 utiles,
679 2128 740 2167 ut
764 2134 987 2185 gemmae
1017 2118 1248 2187 reliqum.
1277 2118 1404 2169 Hoec
1429 2119 1485 2169 in

467 2192 620 2245 MSS.
654 2192 730 2244 sic
755 2193 998 2263 leguntur
1022 2215 1034 2244 :
1063 2221 1085 2243 ιι
1108 2207 1214 2247 tam
1241 2197 1398 2248 etiam
1422 2214 1485 2248 ex

466 2282 616 2343 parte
646 2268 716 2323 de
739 2288 1066 2342 gemmarum
1088 2292 1201 2325 usu.
1237 2299 1259 2321 ι
1288 2274 1354 2325 In
1381 2273 1488 2327 edi-

466 2350 535 2406 tis
555 2370 571 2403 ε
600 2376 623 2397 ι
645 2350 850 2403 temetsi
867 2344 983 2422 jain
999 2362 1240 2421 expertes
1259 2370 1488 2423 gemma-

465 2447 588 2483 mm
627 2447 744 2483 usu.
782 2454 804 2475 ι
873 2456 895 2477 ‹-
919 2429 1204 2501 Expertem
1253 2433 1390 2484 fama
1435 2446 1488 2487 et

464 2508 719 2574 fortunis,
754 2535 776 2555 ι
805 2508 1075 2563 Sallustius
1101 2528 1115 2561 :
1160 2536 1182 2558 a
1215 2523 1484 2583 expertem

462 2600 638 2655 metu,
669 2600 937 2659 expertem
977 2588 1166 2655 domo,
1206 2616 1231 2637 ι
1273 2591 1485 2645 Plautus

463 2663 612 2719 dixit.
637 2666 967 2739 conjiciebat
985 2668 1289 2735 SalmasiuS,
1306 2670 1362 2722 in
1385 2672 1484 2723 So·

461 2743 556 2799 lin.
581 2764 701 2817 pag.
735 2752 840 2817 407
863 2764 877 2799 :
903 2770 924 2793 ι
951 2748 1218 2820 quondam
1246 2750 1406 2803 etiam
1427 2762 1483 2803 et

461 2842 558 2895 per
586 2844 642 2879 se
670 2844 997 2897 gemmarum
1032 2829 1085 2880 in
1121 2847 1237 2881 usu.
1279 2828 1480 2899 Appel-

459 2905 666 2971 lantur,
706 2919 808 2961 etc.
839 2931 862 2953 ι
909 2906 979 2961 nt‘
1012 2919 1146 2960 esset
1188 2908 1480 2973 sementia,

457 2984 820 3037 aurichalcum
856 2984 984 3038 olim
1014 2998 1066 3037 et
1089 3004 1188 3055 per
1213 3004 1268 3038 se
1293 2986 1351 3037 in
1380 3003 1476 3039 usu

457 3080 784 3133 gemmarum
798 3063 891 3116 diu
913 3062 1054 3133 apud
1073 3064 1292 3117 Veteres
1307 3064 1363 3115 in
1383 3064 1477 3117 ad-

457 3140 743 3193 miratione
788 3142 960 3195 fuisse.
1008 3143 1142 3207 Quis
1182 3160 1310 3195 vero
1349 3162 1476 3197 usus

455 3218 548 3272 ille
573 3220 761 3281 fuerit,
789 3238 886 3273 nec
905 3222 1019 3291 ipse
1041 3221 1279 3293 expedit,
1297 3241 1474 3295 neque

453 3316 541 3352 me
567 3298 736 3352 fateor
762 3298 1068 3371 intelligere.
1091 3302 1272 3354 Hinn.

538 3398 590 3445 ².-
640 3378 820 3450 Clu-yse
821 3380 971 3433 [ectri.
1006 3378 1276 3443 Isidorus,
1301 3380 1471 3451 Orig.

451 3455 546 3511 lib.
577 3456 710 3511 XVI
723 3476 871 3529 ,mp-
904 3466 1003 3523 14:
1030 3459 1472 3529 «Chryselectrus

451 3536 634 3591 similis
655 3554 817 3601 auro,
839 3536 1008 3591 sedin
1034 3537 1270 3592 colorem
1289 3538 1472 3591 electri

448 3633 700 3687 vergens,
723 3616 986 3669 matutino
1021 3629 1222 3671 tantum
1257 3628 1471 3687 aspectu

444 3694 711 3764 jucundus
726 3734 743 3761 ‚
769 3696 1134 3766 rapacissimus
1161 3695 1359 3765 ignium
1377 3732 1394 3759 ‚
1415 3707 1470 3748 et

447 3774 490 3827 si
501 3776 649 3845 juxta
661 3774 838 3839 fuerit,
851 3775 1122 3829 celerrime
1133 3772 1426 3827 ardescens.
1437 3800 1460 3822 ι

449 3850 604 3904 8.-
619 3854 947 3923 Clu-yselecm'.
969 3852 1384 3924 Chryselectrus,
1399 3852 1467 3905 de

446 3947 554 3998 quo
576 3934 684 4000 jam
723 3934 777 3984 in
813 3932 1036 3985 succinis
1074 3930 1268 3985 dictum
1288 3971 1304 3993 ,
1329 3950 1465 3985 non-

445 4008 605 4059 nullis
637 4008 778 4061 idem
819 4029 926 4064 esse
954 4010 1158 4064 videtur
1185 4028 1305 4063 cum
1335 4029 1468 4082 qus·

1574 1880 1698 1933 dam
1721 1878 1995 1951 hyacinthi
2024 1878 2210 1949 specie,
2240 1878 2397 1947 vulgo
2418 1874 2558 1931 dicta
2574 1918 2595 1944 ‚

1572 1961 1821 2029 hyacinthe
1842 1960 1963 2011 d'un
1988 1958 2128 2009 blanc
2141 1958 2391 2028 jaune‘s'tre.
2419 1958 2523 2009 En.

1654 2040 1707 2091 3.
1738 2039 1986 2091 Ponticas.
2017 2036 2402 2109 chrysolithos.
2436 2034 2507 2088 H.

1652 2124 1705 2179 4.
1736 2118 1793 2167 Ia
1810 2116 2052 2186 Hispania
2070 2128 2275 2186 repertas
2289 2154 2307 2182 ,
2329 2127 2431 2167 etc.
2456 2116 2590 2186 Leg.

1577 2223 1602 2245 ι
1630 2196 1866 2249 Bocchus
1891 2208 2072 2247 auctor
2099 2207 2205 2259 est,
2236 2208 2287 2246 et
2310 2196 2365 2246 in
2398 2193 2589 2264 Hispa-

1568 2276 1653 2328 nia
1674 2286 1925 2345 repertas,
1944 2274 2129 2345 quoin
2149 2275 2266 2327 loco
2282 2273 2589 2345 crystallum

1570 2352 1701 2409 dicit
1726 2352 1793 2407 ad
1826 2355 2196 2406 libramentum
2232 2370 2377 2423 aqua
2415 2352 2593 2423 puteis

1567 2431 1825 2505 depressis
1851 2445 2073 2486 emtam.
2100 2431 2475 2503 Chrysolithon
2502 2450 2588 2484 ιιι

1568 2510 1750 2585 pondo
1778 2531 1807 2565 a
1840 2530 1897 2565 se
1925 2511 2103 2563 visam.
2133 2534 2156 2556 ι
2186 2511 2357 2565 Sim.
2390 2542 2463 2553 --
2497 2510 2597 2563 Act

1568 2592 1892 2643 libe-amaneum
1917 2608 2072 2660 aqua.
2098 2587 2245 2641 Hanc
2270 2589 2435 2661 ipsam
2470 2608 2589 2642 sen·

1566 2670 1781 2724 tentiam
1800 2667 2152 2740 explicuimus
2178 2685 2297 2738 cap.
2324 2687 2378 2736 9.
2411 2670 2587 2721 Porro

1564 2748 1715 2802 MSS.
1736 2766 1919 2801 omnes
1934 2747 2163 2817 depressis
2178 2784 2197 2811 .‚
2216 2760 2279 2799 ut
2294 2744 2583 2809 edidimus,

1564 2839 1719 2899 atque
1762 2840 1827 2881 nt
1868 2826 1984 2898 ipse
2025 2825 2226 2879 Plinius
2265 2827 2384 2881 loco
2435 2844 2587 2879 nnnc

1561 2906 1750 2972 citato,
1787 2924 1897 2960 non
1948 2905 2172 2973 defhssis,
2218 2918 2275 2958 ut
2325 2906 2589 2959 hactenus

1560 2986 1760 3058 vulgati
1788 2984 2055 3039 exhibent.
2085 2985 2268 3037 Hem).

1644 3066 1698 3120 5.
1728 3064 1989 3135 Depre-isis.
2018 3064 2250 3117 Defossis
2286 3061 2353 3117 ad
2380 3060 2585 3117 ducen-

1559 3142 1679 3197 dam
1712 3162 1777 3196 ex
1810 3143 2124 3196 libramento
2163 3160 2353 3213 aquam
2382 3143 2581 3212 puteis.

1559 3222 1742 3276 Eum.

1636 3300 1831 3355 XLIV.
1858 3320 1905 3353 r.
1928 3300 2080 3353 Fiam
2090 3310 2139 3351 et
2156 3300 2464 3369 leucochrysi.
2484 3300 2585 3353 Isi·

1554 3378 1747 3443 dorus,
1768 3380 1872 3431 loc.
1902 3380 1989 3432 cit.
2010 3379 2333 3447 λ’ωιιόχρυσοι.
2360 3379 2428 3431 H.

1640 3480 1691 3512 2.
1718 3458 1937 3529 Capnioe.
1962 3459 2185 3511 Καπνίαι
2200 3496 2217 3520 ,
2238 3457 2401 3512 veluti
2426 3458 2591 3510 fumo

1552 3537 1754 3591 infecti.
1783 3538 1962 3590 Hmn.

1634 3615 1688 3679 3.
1716 3616 1881 3667 Veluti
1902 3633 2054 3668 emec.
2073 3614 2287 3669 Mallem
2305 3652 2322 3678 ,
2350 3641 2372 3663 ι
2402 3616 2470 3669 Et
2494 3634 2581 3669 ve·

1553 3694 1653 3748 luti
1681 3714 1856 3749 croco.
1883 3720 1908 3741 n
1944 3693 2121 3747 Han.

1632 3772 1687 3837 ’4.
1731 3774 1886 3826 Vitrea·
1926 3792 2061 3825 vero.
2108 3769 2355 3825 Fortassis
2384 3771 2585 3824 ὑαλοιι..

1551 3849 1655 3914 διῖς
1666 3852 1945 3925 Theophr.
1958 3852 2052 3905 lib.
2064 3852 2130 3905 de
2144 3848 2423 3920 lapidibus.
2438 3850 2581 3907 Du..

1630 3932 1801 3985 XLV.
1828 3950 1853 3984 1
1866 3972 1878 3981 .
1904 3932 1961 3985 In
1980 3932 2137 3984 eodem
2152 3948 2326 3997 gemere
2348 3942 2459 3981 sumt
2480 3948 2585 3979 me-

1556 4012 1766 4083 licluyse'.
1811 4013 1937 4080 Leg.
1982 4038 2003 4058 ι
2049 4012 2109 4061 In
2151 4007 2337 4061 eodem
2386 4024 2589 4077 genere
