2975 4684
461 354 604 439 426

1007 354 1086 420 C.
1137 350 1459 419 PLINII
1509 351 1745 463 NAT.
1778 354 2036 425 HIST.

569 486 818 557 LVIII.
865 482 1010 551 Alia
1041 496 1219 552 creta
1259 482 1659 575 argentaria¹
1702 484 2091 579 appellatur,
2130 488 2413 557 nitorem
2458 512 2569 555 ar-

461 606 660 710 gento
703 587 1019 659 reddens²
1028 642 1044 657 .

1093 591 1212 717 Esst
1267 602 1334 657 et
1373 587 1681 658 vilissima
1724 616 1855 684 qua
1904 592 2152 661 circum
2196 594 2573 687 praeducere

461 700 546 766 ad
582 698 873 766 victoriae
914 680 1207 773 notam³,
1252 694 1580 789 pedesque
1614 687 1992 766 venalium⁴
2024 713 2207 769 trans
2240 725 2421 769 mare
2454 699 2571 767 ad-

459 819 800 873 vectorum
843 800 1156 870 denotare
1214 800 1635 869 instituerunt
1674 803 2002 896 majores:
2050 804 2375 900 talemque
2438 807 2568 872 Pu-

461 985 624 1055 phaeis
651 983 854 1035 AEtoliae
891 982 1133 1051 populis,
1178 978 1246 1035 de
1275 982 1468 1053 quibus

459 1064 514 1115 in
544 1061 921 1133 Geographicis
949 1058 1175 1113 diximus
1194 1099 1210 1125 ,
1229 1061 1323 1113 lib.
1365 1060 1467 1125 lv,

459 1162 580 1213 cap.
609 1143 662 1195 3.
693 1143 772 1193 De
797 1158 960 1211 gypso
991 1139 1318 1211 Tymphnieo
1347 1158 1467 1191 rur·

458 1240 576 1275 sum
608 1219 828 1274 inferius
851 1219 944 1271 lib.
957 1219 1218 1281 xxxvl,
1237 1236 1353 1289 cap.
1375 1217 1468 1287 59.

459 1303 638 1353 Hnm.

535 1380 736 1431 LVIII.
787 1395 808 1429 1
823 1416 835 1429 .
864 1376 986 1428 Alia
1011 1388 1141 1427 creta
1170 1380 1468 1446 argentaria.

459 1457 702 1510 Diximus
727 1454 800 1511 de
823 1474 885 1508 ea
913 1452 1118 1508 dudum
1149 1455 1242 1509 lib.
1275 1456 1436 1508 XVII
1453 1494 1470 1520 ,

457 1555 571 1606 cap.
607 1542 659 1599 4.
678 1535 951 1589 ΗΑιω.-
979 1537 1294 1606 Argentaria.
1323 1536 1470 1587 Anu-

459 1616 637 1667 lariam
663 1634 778 1667 eam
801 1628 957 1667 vocat
978 1634 1136 1685 supra
1151 1654 1167 1682 ,
1181 1632 1297 1685 cap.
1319 1617 1352 1667 6
1375 1615 1472 1666 hu-

455 1696 539 1765 jus
566 1694 707 1747 libri.
737 1696 940 1748 Dium.

541 1793 594 1825 π.
619 1775 839 1827 Nitor-em
876 1785 1078 1843 argento
1114 1773 1327 1825 reddens.
1354 1774 1470 1825 Hoc

459 1866 565 1918 est,
607 1853 865 1923 argenteis
911 1853 1064 1904 rasis.
1119 1852 1350 1904 Galenus
1399 1849 1470 1903 de

459 1932 578 1985 Fac.
606 1932 784 2002 simpl.
804 1928 943 1983 med.
975 1930 1067 1982 lib.
1091 1930 1200 1991 lx,
1225 1949 1282 1999 p.
1315 1928 1422 1981 252
1453 1950 1464 1978 :

457 2014 534 2063 Διὸ
559 2011 642 2061 καὶ
669 2010 908 2079 ἅνθρωποι
949 2010 1304 2077 λαμπρύνουσιν
1341 2008 1468 2074 αὐτῇ

457 2088 523 2141 τὰ·
555 2087 747 2158 ῥυπαρὰ
773 2094 871 2137 τῶν
896 2088 1275 2156 ἀργυρωμάτων.
1302 2082 1369 2135 Η.
1387 2113 1468 2126 -—-

458 2168 680 2220 Nitor-em
712 2176 924 2235 argento.
971 2165 1180 2215 Cretam
1221 2162 1357 2213 bene
1385 2162 1467 2213 lo-

457 2258 562 2298 tam
591 2246 649 2297 in
690 2242 933 2296 eumdem
989 2258 1142 2293 usum
1194 2238 1465 2309 hodieque

455 2324 825 2379 convertimus.
851 2322 953 2374 En.

531 2406 587 2457 3.
610 2404 723 2471 Qua
763 2405 932 2453 circum
944 2398 1218 2469 proeduoere
1237 2394 1308 2448 ad
1317 2400 1467 2449 victo-

456 2486 543 2533 rioe
557 2493 737 2532 notam.
763 2480 990 2542 Seneca,
1015 2496 1098 2547 ep.
1125 2494 1251 2541 exe,
1271 2489 1464 2529 cretam

453 2561 508 2611 in
549 2561 720 2621 circe,
765 2558 942 2609 calcem
979 2572 1207 2625 nempe,
1234 2574 1466 2607 carcerem

452 2638 682 2708 antiquis
701 2650 941 2690 vocatam
965 2634 1122 2687 fuisse
1141 2634 1340 2687 scribit.
1373 2636 1466 2687 Al-

453 2718 532 2769 ba
561 2718 712 2768 linem
742 2717 798 2767 in
829 2715 970 2768 circo
999 2714 1240 2765 meminit
1265 2714 1466 2767 Cassio-

452 2794 612 2847 dorus
629 2835 644 2860 ,
667 2795 762 2847 lib.
781 2795 862 2847 111
877 2795 1083 2846 Vax-ier.
1113 2818 1136 2840 ι
1159 2793 1289 2845 Alba
1309 2793 1466 2857 linea,

449 2876 620 2945 inquit
639 2914 654 2939 ,
707 2892 814 2925 non
861 2876 1018 2945 longe
1068 2871 1134 2923 ab
1179 2871 1356 2936 ostiis,
1405 2872 1459 2923 in

449 2966 736 3024 utrumque
751 2951 999 3024 podium,
1020 2951 1165 3021 quasi
1179 2950 1360 3021 reg-ula
1381 2948 1463 3005 di-

447 3046 586 3086 recta
615 3031 941 3104 producitur.
967 3044 1026 3086 ut
1045 3028 1316 3102 quadrigis
1333 3048 1460 3102 pro-

445 3110 804 3181 gredientibus
856 3109 980 3163 inde
1034 3122 1296 3163 certamen
1352 3110 1460 3163 ori-

445 3204 622 3254 retur,
659 3208 728 3241 ne
769 3190 897 3242 dum
923 3208 1154 3261 propere
1199 3201 1460 3243 conantur

445 3268 661 3332 elidere,
681 3268 952 3341 spectandi
973 3270 1292 3339 voluptatem
1315 3267 1461 3321 vide-

448 3362 633 3401 rentur
659 3349 868 3419 populis
893 3349 1196 3420 abrogare.»
1225 3346 1456 3411 Quidam

446 3428 634 3479 volunt
667 3428 1117 3499 triumphantibus
1143 3438 1234 3479 aut
1258 3429 1456 3480 ovanti-

443 3508 542 3559 bus
579 3510 810 3560 romanis
831 3509 1054 3561 ducibus
1080 3508 1133 3559 in
1161 3524 1310 3559 more
1329 3507 1458 3557 fuis-

444 3604 530 3652 se,
555 3600 617 3639 ut
643 3587 846 3641 indicio
865 3587 1066 3659 publici
1081 3583 1262 3657 gaudii
1285 3584 1458 3638 circus

445 3678 584 3719 creta
609 3664 939 3719 dealbat-etur
955 3705 969 3731 ,
1011 3662 1456 3735 quemadmodum

447 3758 660 3814 accepta
687 3744 834 3799 clade
863 3745 1091 3815 populus
1120 3754 1320 3794 vestem
1341 3762 1457 3796 mu·

446 3823 611 3887 tabat,
641 3837 690 3877 et
720 3826 919 3894 pullam
957 3823 1343 3893 lugubremque
1369 3841 1458 3874 su-

449 3902 642 3955 mebat.
663 3901 745 3955 Ad
762 3904 933 3957 elbam
958 3902 1148 3954 lineam
1163 3899 1461 3953 cassiodori

449 3982 711 4049 pertinent
735 3981 792 4033 hi
814 3980 1030 4051 Virgilii
1049 3998 1226 4035 versus
1243 4006 1450 4045 .....

1554 981 1810 1053 signoque
1835 999 2050 1057 repente
2076 987 2392 1057 corripiunt
2407 988 2571 1061 spatia

1556 1060 1764 1125 audito,
1792 1064 2060 1135 limenque
2090 1068 2468 1137 relinquunt.»
2446 1068 2572 1119 »In

1555 1140 1747 1211 quibus
1772 1141 1987 1196 Servius
2006 1146 2149 1197 lunen
2170 1146 2393 1215 exponit
2416 1164 2569 1216 regu-

1554 1220 1687 1284 lam,
1722 1222 1808 1273 vel
1836 1222 2043 1294 signum
2072 1222 2143 1277 de
2176 1238 2321 1279 creta
2350 1226 2565 1279 factum.

1555 1298 1682 1369 Ejus
1720 1302 1965 1358 meminit
1990 1316 2041 1357 et
2070 1304 2352 1370 Martialis,
2386 1304 2567 1373 Epigr.

1556 1378 1650 1429 lib.
1673 1373 1839 1432 VIII:
1872 1407 1895 1429 ι
1919 1381 2107 1435 Omnis
2131 1384 2288 1437 habet
2308 1400 2400 1435 sua
2428 1380 2567 1436 dona

1557 1454 1700 1523 dies,
1732 1476 1831 1511 nec
1856 1460 1994 1514 linea
2024 1461 2171 1515 dives
2198 1462 2399 1526 Cessat,
2430 1474 2484 1513 et
2512 1462 2569 1514 in

1556 1539 1819 1606 populum
1844 1540 2011 1593 multa
2036 1540 2223 1612 rapina
2242 1539 2413 1595 cadet.
2434 1566 2457 1587 υ
2487 1542 2568 1593 De

1556 1616 1655 1667 hac
1693 1617 1927 1669 Circensi
1953 1634 2095 1673 creta
2134 1618 2255 1673 vide
2296 1618 2469 1673 Rhod.
2496 1619 2568 1685 V,

1558 1700 1631 1755 ,πᾶ
1647 1732 1663 1757 ,
1686 1708 1737 1747 et
1756 1696 1969 1751 Salmas.
1998 1717 2055 1768 p.
2089 1706 2222 1767 914.
2252 1700 2456 1751 Dum.
2489 1730 2567 1740 —-

1558 1772 1749 1824 Circum
1771 1776 2066 1843 producere.
2098 1778 2214 1831 Hoe
2238 1791 2345 1843 est,
2377 1788 2569 1830 metam

1554 1850 1610 1901 in
1648 1852 1965 1925 cireoerets
1998 1856 2234 1925 signare,
2272 1869 2332 1908 ut
2358 1856 2571 1926 conspi-

1554 1946 1650 1981 cua
1670 1930 1754 1981 sit.
1772 1930 2018 1985 Meminit
2037 1933 2193 2003 hujus
2217 1935 2378 1986 moris
2398 1936 2573 1987 obiter

1556 2007 1779 2069 Seneca,
1808 2010 1959 2078 epist.
1982 2028 2157 2063 ovru:
2185 2034 2206 2055 ·
2230 2012 2376 2063 Hanc
2408 2030 2567 2081 quam

1552 2085 1761 2136 nuncin
1776 2088 1919 2140 circo
1934 2100 2129 2141 cretam
2155 2108 2280 2141 voca
2288 2108 2422 2154 mus,
2438 2102 2569 2142 etc.-

1552 2162 1777 2227 Plinius,
1798 2165 2053 2231 lib.VIII,
2075 2185 2193 2238 cap.
2213 2168 2305 2231 65,
2324 2167 2391 2221 de
2412 2186 2570 2222 eursu.

1554 2258 1811 2310 equorum
1843 2245 1898 2295 in
1925 2245 2067 2299 circo
2091 2266 2105 2299 ε
2128 2268 2149 2291 α
2167 2248 2386 2299 Peracto
2404 2246 2573 2319 legiti-

1554 2338 1644 2371 mo
1676 2338 1828 2375 cursu
1859 2322 1923 2376 ad
1958 2338 2152 2378 cretam
2186 2338 2403 2380 stetere:
2432 2351 2454 2373 ι
2492 2328 2569 2381 sie

1553 2399 1697 2453 enim
1738 2401 2166 2469 emendavimus,
2212 2424 2379 2477 quum
2422 2407 2570 2477 prius

1552 2478 1625 2529 ad
1650 2490 1817 2531 metam
1846 2482 2123 2553 legeretur.
2166 2485 2335 2537 Multa
2366 2486 2418 2537 in
2452 2504 2563 2537 eam
2654 2540 2665 2553 δ

1552 2574 1663 2609 rem
1692 2560 1912 2613 Vossius
1948 2562 2007 2613 in
2059 2564 2359 2634 Etymolog.
2406 2565 2565 2616 verbo

1556 2636 1704 2689 Cabr-
1732 2637 1911 2692 Haut).

1632 2722 1687 2779 4.
1744 2718 2018 2772 Venalium.
2078 2720 2363 2774 Honestior
2408 2721 2567 2773 lectio

1548 2796 1886 2849 venalitiomm
1904 2836 1920 2859 ,
1972 2810 2032 2850 ut
2074 2799 2213 2852 infre
2260 2822 2281 2843 ι
2308 2800 2569 2853 venelitiis

1548 2877 1809 2945 gregibus.
1830 2902 1851 2925 ι
1872 2878 2031 2930 anr.
2049 2880 2327 2933 -Juvem
2344 2906 2365 2927 ι
2382 2880 2569 2950 Nuper

1550 2954 1603 3005 in
1625 2954 1759 3009 hane
1780 2956 1967 3010 urbem
1994 2956 2220 3027 pedibus
2241 2960 2333 3029 qui
2354 2970 2567 3012 venerat

1548 3033 1698 3086 albis.
1719 3060 1742 3081 ι
1773 3036 2021 3088 Tibullus
2045 3050 2278 3107 gypsatos
2298 3037 2457 3109 pedes
2480 3054 2571 3089 vo-

1547 3122 1659 3176 cat;
1687 3126 1739 3165 et
1762 3113 1921 3167 ovid.
1952 3114 2140 3169 Amor.
2172 3118 2229 3181 1,
2268 3119 2397 3187 eleg.
2418 3134 2561 3167 vnr:

1554 3216 1575 3237 «
1596 3191 1707 3243 Nec
1738 3204 1795 3244 tu
1812 3233 1827 3257 ‚
1852 3194 1893 3244 si
1937 3195 2055 3263 quis
2097 3195 2198 3247 erit
2224 3196 2408 3265 capitis
2430 3212 2567 3246 mer-

1544 3266 1673 3322 cede
1718 3270 2048 3343 redemptus‚
2094 3274 2317 3343 Despice
2358 3273 2563 3342 gypsati

1543 3366 1743 3401 nomen
1760 3351 1917 3421 inane
1939 3350 2144 3422 pedis.»
2172 3351 2565 3419 mancipiorum

1541 3426 1701 3498 pedes
1724 3443 1864 3482 creta
1889 3431 2254 3500 signabantur,
2287 3445 2406 3480 cum
2435 3428 2551 3480 heri

1544 3507 1715 3577 sigillo
1746 3508 1789 3561 si
1828 3509 2026 3579 privati
2069 3507 2309 3559 homines
2356 3519 2523 3559 essent
2542 3548 2558 3571 ‚

1544 3586 1587 3639 si
1616 3587 1859 3657 publica,
1888 3587 2211 3657 reipublicae.
2248 3587 2433 3655 Itaque
2460 3602 2559 3639 οω-

1546 3665 1679 3717 latos
1721 3684 1897 3719 servos
1944 3666 2250 3737 Propertius
2304 3664 2563 3734 appellat,

1547 3744 1644 3796 lib.
1666 3744 1777 3808 VI,
1805 3746 1950 3814 Eleg.
1990 3764 2043 3798 ν.
2084 3744 2206 3796 Fuit
2230 3754 2285 3796 et
2326 3743 2566 3796 Asiaticis

1548 3824 1824 3893 signatoria
1851 3836 1993 3877 creta
2005 3863 2021 3887 ‚
2046 3840 2149 3894 qne
2172 3842 2305 3875 cerm
2329 3824 2448 3874 loco
2474 3822 2563 3874 lit-

1552 3921 1686 3960 teras
1708 3903 2066 3973 obsignabant.
2088 3902 2383 3963 Victorius,
2412 3902 2563 3964 xlv„

1555 3994 1605 4049 4.
1636 3988 1771 4039 Du..
