2975 4684
1036 323 1421 389 .LIBER
1470 318 1828 390 XXXIV.

2397 340 2420 383 1
2435 272 2540 413 59Ι

406 454 753 537 statuaria,
793 450 933 521 fuit.
965 451 1097 521 Sed
1123 438 1325 523 haec¹³
1344 452 1431 521 ad
1468 451 1802 520 infinitum
1840 444 2132 519 effloruit
2165 445 2526 517 multorum

404 557 817 659 voluminum
866 581 1095 651 opere,
1152 560 1247 628 si*
1255 560 1399 653 quis
1447 556 1642 652 plura
1696 554 2001 649 persequi
2056 552 2260 622 velit.
2303 556 2526 671 omnia

407 665 579 733 enim
614 664 759 757 quis
802 662 1051 757 possit?

512 771 737 837 XVII.
778 772 859 837 In
892 770 989 837 M.
1012 768 1295 840 fimuri'
1336 767 1646 839 aedilitate
1683 768 1810 837 tria
1849 762 2048 835 millia
2091 764 2430 893 signorugn
2457 764 2528 834 in
2565 792 2590 823 ι

409 898 601 943 scena
645 888 899 943 tantum
944 874 1129 943 fuere
1168 876 1570 969 temporario
1617 868 1934 943 theatro².

1981 854 2380 939 Mummius³
2407 868 2524 938 de—

407 980 583 1049 victa
611 980 858 1049 Achaia
890 978 1168 1073 replevit
1202 980 1503 1050 Urbem:
1541 982 1684 1097 ipse
1719 978 1996 1047 excessit
2027 1000 2163 1045 non
2183 974 2529 1044 relicturus
2589 973 2596 980 ’

410 1082 556 1155 filiae
602 1084 851 1155 dotem.
912 1086 1053 1154 Cur
1102 1088 1277 1155 enim
1336 1110 1473 1157 non
1529 1108 1681 1155 cum
1729 1084 2148 1153 excusatione
2199 1079 2532 1175 ponatur?

496 1258 579 1313 13.
602 1260 708 1312 Sed
711 1257 812 1312 hec
826 1260 896 1312 ad
911 1256 1146 1328 infinitum
1161 1300 1176 1327 ,
1194 1272 1293 1315 etc.
1315 1262 1429 1314 Sta-

412 1338 604 1399 tnerio,
634 1356 697 1391 ex
722 1358 843 1393 aere.
870 1334 1047 1391 Ham).

489 1416 669 1471 xvn.
698 1434 743 1471 ι.
770 1419 845 1470 Μ.
862 1417 1055 1469 Soceri.
1080 1419 1161 1470 De
1179 1434 1243 1470 eo
1266 1418 1429 1470 multa

412 1498 605 1549 Ascon.
636 1495 766 1548 Ped.
796 1497 853 1549 in
886 1509 1021 1548 orat.
1050 1496 1161 1548 Cic.
1189 1514 1293 1566 pro
1317 1515 1389 1557 eo,
1413 1512 1428 1547 :

410 1576 578 1628 multa
619 1574 822 1626 Plinius
861 1574 1105 1625 similiter
1144 1571 1212 1625 de
1242 1592 1432 1643 genere

412 1655 540 1725 ejus,
554 1650 623 1705 de
633 1650 826 1705 morib.
838 1660 891 1706 et
901 1650 1431 1717 aedilitate,xxxv1,

420 1739 516 1797 2⁴.
537 1732 721 1785 Hmn.

498 1831 549 1863 a.
588 1811 899 1881 Temperat-io
944 1810 1143 1879 theatm3
1177 1809 1283 1861 Vix
1322 1825 1431 1862 uno

414 1886 1429 1954 menseduraturo,utdiceturXXXVI,

420 1988 449 2023 s
470 2008 487 2035 .,
536 1984 701 2039 quum
751 1978 887 2021 stent
924 1968 980 2021 in
1030 1964 1179 2019 Urbe
1222 1980 1428 2021 caetera.

414 2048 813 2119 Tempora-iam
860 2049 971 2117 ejus
1003 2045 1192 2099 theatri
1222 2064 1427 2099 motum

416 2126 618 2181 Plinius
638 2128 712 2179 ait
733 2126 921 2185 fuisse.
948 2127 1068 2179 loco
1094 2125 1333 2197 proxime
1356 2126 1432 2178 ci·

416 2218 542 2259 tato.
566 2204 745 2259 ΗΑΒ».

500 2282 553 2340 3.
591 2284 868 2338 Mummius.
908 2282 1168 2337 Achaicus
1201 2283 1293 2337 ille
1312 2320 1328 2347 ,
1364 2280 1432 2337 de

423 2380 535 2435 qno
556 2382 656 2417 nos
678 2366 807 2418 alins
824 2364 1029 2435 caspius.
1052 2366 1184 2416 Aur.
1203 2364 1345 2416 Vict.
1364 2362 1433 2417 de

419 2443 564 2496 ‘Viris
598 2444 683 2497 Ill.
712 2448 818 2497 60:
856 2470 880 2491 α
921 2442 1213 2496 Mummius
1239 2442 1432 2495 Corin·

420 2518 573 2573 thum
616 2522 776 2593 signis
815 2522 1112 2594 tabulisque
1145 2522 1429 2592 spoliavit:

420 2600 611 2671 quibus
649 2620 815 2672 quum
848 2614 1013 2655 totam
1052 2601 1303 2671 replesset
1336 2600 1436 2653 lta·

420 2678 544 2731 liam
563 2719 579 2743 ‚
612 2680 667 2732 in
708 2678 927 2732 domum
956 2698 1105 2733 snam
1134 2678 1273 2731 nihil
1304 2696 1433 2731 con-

423 2757 564 2809 tulit.
600 2780 625 2803 ι
676 2758 762 2811 Sic
808 2760 1041 2829 epitome
1082 2758 1261 2824 Livii,
1312 2756 1431 2809 LII.

424 2836 663 2889 Frontin.
680 2836 902 2907 Strateg.
922 2836 1023 2901 IV,
1044 2835 1074 2887 3
1090 2854 1109 2892 2
1136 2860 1159 2884 α
1181 2837 1243 2888 L.
1265 2836 1437 2889 Mum-

422 2913 565 2967 mius
586 2915 677 2984 qni
691 2953 707 2976 ‚
725 2914 982 2967 Corintho
1004 2926 1153 2984 capta
1173 2953 1188 2980 ,
1210 2932 1317 2967 non
1338 2914 1437 2966 Ita·

425 2993 553 3045 liam
580 2992 749 3043 solnm
767 3031 781 3055 ,
811 2990 901 3045 sed
927 2993 1083 3065 etiam
1107 2993 1436 3063 provinciam

425 3070 619 3125 tabulis
649 3070 932 3141 statuisque
962 3072 1263 3137 exornavit,
1299 3070 1435 3124 adeo

424 3150 575 3221 nihil,
600 3168 663 3202 ex
695 3150 849 3203 tantis
889 3150 1151 3204 manubiis
1189 3151 1247 3204 in
1284 3166 1437 3203 snum

424 3229 719 3295 convertit,
764 3242 824 3281 nt
856 3230 1023 3283 filiam
1068 3232 1179 3300 eins
1221 3231 1437 3301 inopem

424 3320 633 3361 senatus
654 3326 719 3361 ex
745 3308 961 3381 publico
988 3308 1264 3363 dotaverit.
1295 3336 1320 3357 ι
1345 3308 1439 3362 Est

424 3388 479 3441 in
522 3386 745 3442 AEneide
772 3388 917 3442 locus
949 3391 1018 3443 ab
1054 3388 1435 3459 interpretibus

422 3466 675 3521 hactenns
689 3482 1005 3539 praepostere
1020 3468 1437 3535 intellectus,V1,

426 3564 477 3597 v.
510 3548 619 3601 830
640 3564 753 3619 sqq.
790 3564 815 3589 ι
841 3547 1133 3619 Aggeribus
1164 3564 1314 3600 socer
1345 3548 1436 3599 Al-

428 3624 591 3697 pinis,
622 3638 778 3697 etque
804 3644 923 3679 arce
948 3626 1177 3679 Monoeci
1210 3626 1437 3679 Descen-

428 3702 586 3769 dens,
645 3722 806 3776 gener
867 3702 1096 3758 adversis
1152 3704 1441 3757 instructus

430 3780 568 3836 Eois.
583 3784 665 3837 Ne
686 3784 871 3856 pueri,
892 3800 959 3836 ne
977 3792 1124 3837 tenta
1142 3782 1329 3835 animis
1346 3781 1441 3836 ad

433 3862 647 3915 nescite
656 3863 819 3916 bella·
838 3862 955 3917 Neu
971 3864 1155 3934 patrie,
1170 3860 1399 3916 validas·
1383 3880 1438 3915 in

436 3938 625 3993 viscera
645 3944 833 3995 vertite
852 3943 1033 3995 vires·
1018 3982 1031 3993 .
1058 3942 1251 4013 anne
1270 3942 1443 4011 prior,

1512 1273 1571 1314 tu
1594 1276 1778 1331 parce,
1799 1277 1962 1328 genus
1981 1276 2074 1328 qni
2059 1255 2236 1309 'ducis
2260 1256 2526 1327 Olympo:

1513 1338 1719 1408 Projice
1751 1339 1852 1389 tela
1893 1355 2081 1395 manu,
2128 1336 2333 1404 sanguis
2361 1355 2532 1389 meus..

1513 1417 1612 1468 lue
1657 1415 1977 1485 triumphata
2020 1414 2278 1483 Capitolia
2319 1414 2386 1467 ad
2427 1416 2530 1469 alta

1515 1494 1776 1548 Corintho
1803 1494 1996 1545 Victor
2022 1505 2140 1562 aget
2167 1510 2380 1545 currum
2395 1529 2414 1557 ‚
2435 1511 2530 1546 eo-

1515 1574 1586 1625 sis
1610 1572 1826 1641 insignis
1849 1570 2082 1624 Achivis.
2115 1574 2280 1625 Eruet
2305 1572 2393 1623 ille
2423 1572 2531 1623 Ar-

1516 1670 1608 1723 gos
1623 1690 1639 1716 ,
1669 1650 2214 1721 Agamemnoniasque
2248 1651 2500 1723 Mycenas
2516 1689 2533 1716 ‚

1516 1731 1806 1802 Ipsntnque
1845 1727 2136 1791 AEocideim
2178 1746 2342 1801 genus
2370 1730 2532 1782 armi·

1514 1810 1746 1881 potentis
1765 1808 1992 1862 Achillei
2020 1827 2034 1859 =
2065 1810 2221 1861 Ultus
2237 1828 2368 1861 avos
2393 1810 2532 1863 Tm-

1507 1891 1576 1959 jae
1593 1927 1609 1952 ‚
1631 1889 1824 1959 templs
1852 1901 1905 1941 et
1927 1900 2178 1941 tem-erata
2199 1888 2469 1941 Minervae.
2498 1914 2524 1935 ι.

1513 1968 1607 2021 lue
1637 1987 1802 2039 quum
1847 1966 1976 2019 dicit
2021 1968 2170 2037 prins
2201 1966 2528 2039 appellatum

1509 2046 1770 2101 eduobus
1801 2047 2044 2117 proxime
2075 2046 2533 2112 commemor-tis,

1512 2127 1615 2180 hoc
1637 2136 1732 2192 est,
1756 2145 2015 2191 socerum,
2033 2127 2126 2197 qui
2144 2125 2177 2177 J
2182 2125 2319 2179 nlius
2335 2126 2530 2191 Cesar,

1514 2205 1768 2276 designat.
1810 2206 1944 2269 Nam
1989 2206 2046 2257 in
2087 2206 2186 2257 hac
2223 2206 2531 2258 recensione

1513 2286 1749 2339 virorum
1779 2278 2062 2339 illustriuin
2083 2318 2100 2343 ‚
2129 2282 2374 2337 ordinem
2395 2295 2532 2336 tem-

1512 2381 1708 2434 poram
1725 2364 2200 2433 servatdiligenter.
2217 2362 2401 2433 Itaque
2411 2372 2534 2434 post

1511 2444 1774 2497 cesarem
1793 2456 1846 2495 et
1871 2442 2184 2514 Pompeium
2205 2454 2530 2513 praepostere

1517 2540 1578 2574 ac
1606 2521 1830 2575 ridicule
1863 2521 2182 2575 Mummium
2210 2522 2495 2574 Achaicum
2515 2559 2532 2586 ‚

1518 2601 1610 2671 qni
1634 2613 1844 2653 centum
1869 2614 1990 2654 ante
2017 2602 2170 2653 annis
2193 2601 2346 2665 obiit,
2369 2598 2534 2653 deno·

1520 2691 1681 2745 taret;
1711 2690 1764 2731 et
1789 2680 1911 2732 satis
1931 2680 2257 2750 negligenter
2281 2678 2500 2751 quidem
2515 2716 2534 2745 ‚

1517 2774 1625 2811 non
1653 2757 1917 2829 appellato
1936 2776 2000 2811 eo
2019 2757 2087 2810 de
2113 2758 2349 2822 nomine,
2367 2778 2534 2830 quum

1519 2850 1730 2890 caeteros
1761 2854 1943 2890 omnes
1968 2837 2213 2909 appellet.
2247 2836 2328 2890 De
2359 2856 2535 2910 popu·

1518 2914 1584 2968 lis
1601 2916 1951 2987 winmphasse
1973 2918 2230 2969 Caesarem
2255 2916 2427 2987 ipsum
2447 2916 2536 2969 hic

1519 2993 1673 3060 dicit,
1692 3014 1920 3066 quorum
1943 2998 2166 3066 majores
2183 2996 2239 3047 in
2259 2992 2536 3049 obsidione

1519 3072 1695 3145 Trojae
1715 3074 1879 3127 fuere.
1905 3074 1972 3127 Hi
1993 3084 2115 3127 sunt
2139 3072 2331 3126 Achivi
2355 3087 2404 3127 et
2431 3074 2534 3128 Co-

1518 3152 1723 3206 rinthii.
1765 3152 1939 3225 Argos
1974 3154 2026 3206 in
2061 3152 2426 3223 Peloponneso
2443 3192 2459 3217 ‚
2485 3166 2540 3207 et

1522 3232 1763 3302 Mycena
1778 3271 1794 3295 ‚
1835 3244 1888 3285 et
1924 3232 2188 3285 Phthiotis
2203 3271 2218 3295 ,
2259 3250 2375 3303 qno
2400 3232 2539 3286 ditio

1525 3310 1628 3364 fuit
1651 3310 1873 3365 AEacidae
1887 3352 1904 3377 ,
1930 3313 2032 3364 hoc
2053 3322 2131 3364 est
2145 3350 2160 3374 ‚
2183 3310 2542 3383 Neoptolemi,

1523 3390 1580 3443 in
1597 3390 1880 3445 Thessalia.
1910 3392 1988 3443 De
2017 3390 2280 3445 Corintho
2307 3392 2540 3463 quidem,

1524 3482 1576 3523 et
1587 3469 1950 3543 Peloponneso
1960 3471 2006 3524 ei
2021 3468 2347 3532 alban-ente,
2356 3471 2538 3522 nium-

1523 3547 1708 3621 phasse
1731 3550 1984 3604 cesarem
2003 3548 2152 3613 dicit,
2171 3549 2423 3622 qnoniam
2439 3546 2544 3600 Co·

1523 3626 1695 3683 rinthi
1713 3630 1972 3683 coloniam
1988 3626 2249 3693 condidit,
2261 3638 2318 3679 nt
2335 3624 2540 3677 nummi

1526 3708 1690 3778 ipuus
1729 3706 1874 3763 hand
1927 3710 2080 3781 pauci
2135 3716 2407 3760 testantur.
2463 3704 2542 3755 De

1527 3786 1832 3842 Phthiotide
1848 3800 1901 3841 et
1911 3786 2209 3849 Thessalia,
2227 3781 2368 3836 bello
2384 3782 2546 3836 Phar·

1530 3864 1706 3919 salico.
1752 3852 1888 3920 Nam
1939 3862 2220 3917 Pharsalici
2269 3864 2442 3935 campi
2489 3862 2544 3915 in

1531 3946 1800 3998 Thessalis
1831 3954 1968 4005 snnt.
2005 3940 2186 3994 Banu.

1866 4038 1908 4084 θ
2005 4027 2012 4036 .
