2975 4684
478 290 610 361 160
1012 293 1087 360 C.
1140 293 1475 361 PLINII
1522 296 1732 363 NAT.
1781 295 2029 362 HIST.

468 424 686 495 Multa
726 439 793 495 et
832 408 1123 493 Luculli⁴
1157 424 1481 493 invexere.
1527 426 1750 495 Rhodi
1802 427 2156 495 etiamnum
2213 426 2340 493 tria
2383 424 2584 495 millia

474 532 809 649 signorum
852 553 1026 611 esse,
1069 530 1421 599 Mucianus
1458 544 1561 599 ter
1599 520 1826 602 consul
1863 529 2152 625 prodidit
2187 556 2203 598 τ
2248 554 2371 598 nec
2409 553 2580 624 pau-

474 636 653 704 ciora
689 634 966 701 Athenis
992 686 1011 719 ,
1075 633 1432 729 Olympiae,
1471 635 1749 730 Delphis
1805 660 2142 755 superesse
2199 634 2579 705 creduntur.

406 766 434 799 a
472 742 636 837 Quis
665 741 787 808 ista
804 737 1180 808 mortalium
1209 744 1512 834 persequi
1537 741 1777 836 possit?
1797 756 1912 811 aut
1939 744 2082 835 quis
2102 765 2256 810 usus
2271 738 2584 811 noscendi

470 830 907 937 intelligatur?
940 840 1233 941 Insignia
1276 861 1496 915 tamen
1541 850 1854 933 maxime,
1892 862 1960 915 et
2005 845 2219 940 aliqua
2257 845 2341 914 de
2385 868 2582 915 causa

465 961 729 1034 notata,
764 947 1206 1043 voluptarium
1267 952 1351 1021 sit
1386 954 1713 1047 attigisse,
1757 952 2174 1045 artificesque
2223 950 2583 1020 celebratos

464 1055 967 1123 nominavisse.
954 1055 1425 1151 ·singulorum
1478 1081 1741 1151 quoque
1789 1056 2232 1185 inexplicabili
2287 1054 2582 1125 multitu-

464 1158 655 1247 dine,
708 1184 913 1253 quum
968 1164 1296 1257 Lysippus
1348 1162 1431 1232 ad
1492 1187 1552 1232 Μ
1603 1188 1652 1232 1)
1706 1187 1908 1257 opera
1962 1148 2232 1231 fecisse⁵
2286 1161 2578 1249 dicatur,

468 1278 663 1333 tantae
702 1268 921 1333 omnia
961 1270 1155 1350 artis,
1194 1283 1269 1336 ut
1296 1267 1660 1337 claritatem
1697 1283 1964 1362 possent
1992 1268 2146 1336 dare
2173 1266 2279 1335 vel
2307 1264 2582 1360 singula.
2649 1328 2652 1331 ,

465 1372 830 1439 Numerum
866 1375 1245 1465 apparuisse
1262 1373 1576 1442 defuncto
1613 1398 1724 1459 eo,
1753 1398 1958 1466 quum
1981 1373 2362 1441 thesaurum
2394 1370 2586 1440 effre-

466 1477 665 1570 gisset
695 1476 945 1545 haeres:
986 1463 1295 1547 solitum⁶
1318 1479 1493 1547 enim
1522 1504 1601 1547 ex
1629 1477 2052 1573 manipretio⁷
2085 1478 2400 1571 cujusque
2419 1476 2587 1571 signi

400 1607 433 1661 3
466 1530 814 1651 denarios⁸
856 1598 1175 1676 seponere
1213 1607 1449 1653 aureos
1486 1584 1794 1680 singulos.
1835 1587 2084 1654 Evecta
2111 1607 2309 1677 supra
2343 1583 2582 1651 huma·

467 1711 621 1757 nam
654 1686 852 1755 fidem
882 1711 988 1755 ars
1026 1702 1129 1757 est
1162 1714 1504 1770 successu,
1529 1714 1684 1758 mox
1712 1704 1780 1757 et
1806 1690 2098 1759 audacia.
2136 1691 2215 1757 In
2244 1710 2587 1783 argumen

466 1808 607 1860 tum
672 1814 1017 1859 successus
1074 1815 1277 1859 unum
1336 1793 1708 1885 exemplum
1765 1794 2038 1861 afferam
2062 1847 2081 1879 ‚
2132 1818 2253 1863 nec
2311 1793 2586 1861 deorum

467 1896 832 1964 hominisve
888 1894 1329 1964 similitudinis
1384 1920 1724 1989 expressae.
1779 1899 1959 1965 AEtas
2013 1912 2239 1965 nostra
2295 1897 2458 1965 vidit
2518 1896 2586 1965 in

465 1997 794 2095 Capitolio
814 2052 833 2085 ,
862 2000 1243 2093 priusquam
1278 2001 1344 2068 id
1378 2002 1733 2069 novissime
1761 2002 2194 2094 conflagravit
2223 2024 2262 2068 a
2291 1997 2582 2068 Vitellia-

464 2108 567 2173 nis
628 2103 1036 2187 incensum⁹‚
1082 2106 1149 2171 in
1192 2103 1357 2173 cella
1396 2108 1715 2191 sunonis,
1769 2130 1997 2173 canem
2044 2130 2126 2174 ex
2167 2130 2296 2174 aere
2343 2103 2584 2173 vulnus

464 2230 653 2281 suum
681 2210 1075 2279 lambentem
1098 2220 1116 2276 ¹:
1148 2208 1336 2303 cujus
1369 2210 1682 2279 eximium
1709 2210 2099 2285 miraculum
2134 2224 2200 2296 et
2233 2209 2584 2279 indiscreta

462 2320 602 2387 veri
638 2314 1033 2411 similitudo,
1072 2339 1206 2384 non
1242 2340 1322 2383 eo
1362 2315 1576 2386 solum
1602 2314 2009 2410 intelligitur,
2035 2315 2212 2410 quod
2243 2317 2331 2384 ibi
2370 2315 2584 2385 dicata

462 2424 722 2493 fuerat:
754 2444 985 2489 verum
1008 2434 1075 2489 et
1096 2444 1272 2489 nova
1304 2421 1725 2491 satisdatione
1755 2439 1769 2482 τ
1799 2446 1952 2489 nam
1985 2446 2242 2491 summa
2261 2420 2440 2489 nulla
2463 2445 2585 2515 par
2616 2466 2627 2471 -

547 2636 598 2693 4.
635 2626 800 2677 Multa
838 2640 889 2679 et
934 2626 1141 2679 Luculli.
1186 2626 1379 2682 Lucius
1431 2640 1485 2681 et
1656 2648 1709 2683 ⁰⁷.
1737 2630 1824 2682 Ex
1857 2632 2158 2701 manipretio.
2198 2630 2264 2681 In
2294 2640 2474 2681 nostro
2500 2646 2588 2681 ve-

462 2710 701 2771 Marcus,
734 2704 938 2759 fratres.
978 2707 1076 2758 Ille
1114 2706 1479 2761 Mithridatico
1573 2708 1670 2761 teri
1711 2709 2022 2781 apographo
2057 2708 2309 2761 scribitur
2343 2727 2588 2779 manupre-

462 2790 639 2849 bello‚
678 2783 1025 2839 Macedonico
1071 2785 1167 2837 iste
1209 2786 1481 2856 triumpho
1574 2792 1671 2847 tio,
1701 2808 1811 2839 non
1839 2791 2144 2856 maesiprele’05
2169 2788 2350 2858 sicque
2377 2806 2486 2841 esse
2511 2786 2588 2839 le

464 2867 675 2922 nobilis.
696 2862 837 2915 Vide
878 2866 1021 2917 Plut.
1052 2866 1107 2916 in
1137 2864 1397 2929 Lucullo,
1426 2876 1481 2918 et
1571 2865 1805 2937 gendum
1843 2886 1906 2919 ex
1943 2868 2190 2919 Varrone
2221 2862 2324 2927 (de
2355 2868 2416 2920 L.
2443 2857 2586 2933 Lat.)

465 2949 579 3003 Cic.
608 2964 685 3000 or.
715 2944 771 2995 in
796 2942 1171 2997 Pison.H1mn.
1570 2958 1797 2999 constat.
1821 2946 2395 3015 Pmr.-—Manipretio.
2427 2948 2506 3000 De
2527 2962 2588 2998 ea

550 3024 601 3078 ⁵.
649 3024 809 3093 Quum
834 3025 1067 3095 Lysippus
1096 3022 1169 3075 ad
1186 3035 1405 3075 sexcenta
1425 3023 1492 3075 X
1571 3043 1703 3077 voce
1743 3024 1973 3078 diximu's
2013 3026 2109 3079 lib.
2149 3025 2437 3095 superiori,
2471 3042 2586 3095 cap

466 3124 609 3175 opum
642 3106 819 3168 secisse
862 3102 1103 3172 prodatur
1146 3092 1245 3169 (sic
1296 3098 1483 3174 prius).
1578 3102 1669 3157 53.
1701 3104 1906 3175 Vulgus
1929 3104 2030 3167 ait,
2071 3122 2172 3173 pro
2197 3104 2589 3166 manufactum,

466 3184 621 3245 Voss
662 3200 803 3253 quum
832 3182 1064 3252 Lysippus
1093 3180 1162 3233 ad
1198 3181 1317 3235 Clc
1342 3202 1489 3252 opem
1566 3202 1696 3254 pour
1717 3184 1765 3234 la
1779 3184 1950 3253 sapon.
1971 3181 2150 3233 Hum-

464 3265 631 3330 secisse
606 3261 817 3311 edatur.
853 3259 1037 3313 Scribe
1054 3298 1067 3323 ,
1086 3260 1263 3325 jecisse
1297 3262 1484 3319 edatur,
1657 3265 1709 3315 8.
1755 3262 2010 3313 Dema-ios.
2053 3258 2134 3311 De
2176 3258 2368 3311 horum
2417 3259 2590 3331 pretio

468 3342 553 3397 vel
578 3340 786 3393 dicacur.
818 3338 1052 3390 Pintiani
1080 3338 1234 3403 liber,
1265 3340 1381 3391 MD
1402 3341 1489 3407 se·
1576 3338 1776 3410 egimus
1811 3338 2075 3396 xxxlu,
2115 3336 2204 3391 13.
2247 3338 2316 3390 H.
2341 3368 2418 3379 -
2441 3336 2593 3407 Sepo-

471 3426 585 3474 cae'sse
621 3418 863 3471 eradatur.
906 3418 1087 3495 (3301.
1120 3450 1200 3460 —
1234 3418 1381 3472 Brot.
1422 3436 1487 3471 ex
1575 3438 1700 3470 nere.
1725 3419 1896 3471 Gron.
1925 3430 1976 3470 et
2002 3415 2091 3468 Al.
2113 3415 2344 3485 deponere
2352 3436 2375 3478 ,-
2394 3428 2448 3469 et
2467 3434 2592 3469 mox

470 3504 602 3572 Reg.
615 3497 717 3553 cod
758 3500 810 3549 5.
833 3496 993 3549 DCX
1003 3514 1166 3565 opera,
1176 3508 1228 3548 et
1248 3497 1322 3550 sic
1337 3496 1492 3551 addi·
1577 3498 1814 3550 hominum
1831 3535 1849 3561 ‚
1866 3514 1974 3551 non
1997 3496 2216 3547 hominis.
2239 3496 2343 3548 Eu.

471 3594 586 3635 mm
618 3580 675 3631 iu
704 3574 940 3646 margine
978 3574 1053 3627 M.
1082 3575 1136 3628 S.
1171 3575 1335 3647 Regg.
1374 3596 1405 3629 3
1436 3588 1491 3630 et
1663 3596 1717 3645 9.
1754 3578 1810 3630 A
1853 3576 2127 3629 Vitellianis
2173 3578 2422 3627 incensum.
2451 3571 2592 3626 Vide

476 3662 529 3715 3.
557 3658 818 3713 Ceterum
849 3652 1003 3707 codd.
1026 3650 1187 3705 iidem
1218 3672 1246 3705 3
1274 3667 1327 3707 et
1349 3654 1379 3707 3
1400 3692 1415 3713 ‚
1437 3668 1491 3708 et
1580 3655 1832 3719 Dionem,
1855 3655 2027 3719 LXV,
2045 3672 2100 3725 p.
2123 3661 2192 3723 74
2207 3672 2254 3718 1,
2273 3654 2516 3708 Tacitum
2536 3653 2594 3705 in

472 3738 598 3792 edit.
627 3737 795 3808 princ.
828 3734 1105 3787 nobiscum
1132 3730 1354 3786 faciunt.
1382 3718 1486 3787 130.
1578 3734 1766 3805 primi,
1795 3736 1929 3789 nist.
1964 3735 2072 3790 111.
2113 3752 2170 3804 p.
2195 3736 2265 3786 80
2291 3752 2371 3804 q.
2409 3734 2592 3785 nnn.

556 3822 607 3868 6.
636 3814 859 3867 Solitum.
894 3813 1189 3885 Lysippum
1218 3810 1489 3878 videlieet,
1576 3844 1656 3856 --
1702 3815 1755 3865 A
1803 3814 2079 3867 Vitellianis
2135 3816 2384 3866 incensam.
2437 3812 2593 3863 Anno

472 3894 541 3947 de
564 3914 672 3965 quo
695 3895 829 3958 vn,
870 3893 959 3947 38.
988 3892 1168 3945 nnn.
1577 3892 1713 3944 Urb.
1737 3892 1968 3947 condito
1994 3895 2127 3946 833.
2155 3890 2260 3944 En.

1114 4018 1169 4076 ἱ
