2975 4684
503 359 635 440 124

1033 359 1109 425 C.
1164 358 1502 428 PLINII
1552 358 1765 428 NAT.
1818 357 2071 428 HIST.

495 489 834 559 victoriam
859 489 1258 560 Cimbricam
1287 492 1619 564 cantharis
1650 507 1913 587 potasse
1928 491 2147 560 Liberi
2168 493 2376 585 patris
2408 515 2621 563 exem·

492 593 605 690 plo
645 595 956 680 traditur,
1007 593 1112 664 ille
1146 612 1368 666 arator
1411 600 1691 694 Arpinas
1714 585 1797 684 ¹⁵,
1838 612 1909 667 et
1948 595 2372 691 manipularis
2408 599 2615 694 impe·

495 715 679 770 rator
702 687 773 768 ¹⁶.

599 809 780 876 LIV.
795 795 898 898 (ιιι
909 794 984 898 1.)
1005 809 1271 902 Argenti
1287 833 1480 880 usum
1502 812 1571 878 in
1590 825 1837 882 statuas
1857 811 2143 905 primum
2162 807 2321 878 divi*
2336 811 2619 904 Augusti

489 913 560 980 in
589 910 966 982 adulatione
983 911 1003 938 ²
1027 929 1402 1008 temporum
1437 919 1747 986 transisse
1764 969 1782 1000 ,
1812 914 1979 986 falso
2009 917 2436 986 existimatur.
2464 919 2503 984 J
2508 941 2613 986 am

487 1020 665 1088 enim
729 1019 1067 1113 triumpho
1131 1023 1361 1116 Magni
1441 1025 1735 1117 Pompeii
1809 1025 2171 1117 reperimus
2230 1020 2613 1092 translatam

486 1110 878 1193 Pharnacis³
899 1179 920 1212 ,
967 1128 1084 1220 qui
1147 1129 1404 1220 primus
1455 1131 1757 1224 regnavit
1804 1131 1870 1198 in
1934 1131 2179 1214 Ponto,
2234 1142 2615 1222 argenteam

485 1316 547 1351 ac
581 1297 881 1368 peculiare,
912 1311 974 1351 ut
1005 1298 1199 1354 docent
1224 1300 1515 1355 Atheniens

487 1389 542 1432 et
571 1377 893 1434 Macrobius.
915 1378 1100 1432 Hsnn.

579 1459 668 1511 15.
706 1459 802 1512 Ille
835 1471 1006 1510 arator
1032 1460 1267 1530 Arpinas.
1303 1461 1517 1515 Tullius

489 1537 761 1608 municipe
815 1539 987 1592 Mario
1053 1539 1273 1610 gloriari
1334 1541 1517 1595 solitus

487 1631 582 1670 est.
610 1616 794 1671 Hann-

577 1701 668 1750 16.
711 1697 1035 1766 Mam'pulara's
1077 1701 1350 1766 irnperator.
1391 1699 1516 1751 Ele·

489 1788 604 1829 ctus
626 1774 695 1827 de
721 1775 1015 1845 manipulo.
1045 1775 1227 1828 Hann.

568 1855 718 1908 LIV.
753 1873 804 1907 1.
834 1855 1049 1921 Argenti
1073 1873 1210 1906 usum
1239 1857 1290 1906 a‘n
1323 1866 1513 1908 statuas

482 1937 691 2004 primum
719 1933 820 1984 diva·
841 1935 1086 2002 Augusti,
1105 1945 1208 1986 etc.
1228 1934 1516 2005 Tranquil-

487 2012 572 2064 lus
609 2012 667 2064 in
705 2013 838 2082 Aug.
877 2031 993 2066 Lu:
1033 2040 1058 2062 ‹-
1083 2011 1374 2084 Argenteas
1401 2027 1510 2068 sta·

489 2103 605 2145 mas
657 2091 784 2145 olim
840 2094 942 2145 sihi
1009 2092 1207 2162 positas
1249 2092 1505 2147 conflavit

490 2189 708 2238 omnes,
745 2191 917 2244 exque
953 2171 1016 2225 iis
1061 2191 1244 2226 aureas
1284 2173 1513 2228 cortinas

490 2252 726 2322 Apollini
754 2252 992 2306 Palatino
1020 2251 1303 2306 dedicavit.
1327 2278 1349 2301 ι
1375 2252 1511 2317 Quae

487 2331 659 2385 forma
684 2332 860 2386 vultus
881 2333 938 2384 in
956 2333 1140 2386 statuis
1159 2333 1380 2403 Augusti
1395 2333 1511 2388 fue-

488 2411 588 2475 rit,
607 2431 718 2464 non
755 2411 958 2483 liquet:
989 2411 1134 2466 nulla
1155 2412 1298 2464 enim
1327 2431 1512 2484 snper-

488 2503 583 2543 est.
622 2492 692 2544 At
731 2491 785 2543 in
831 2490 1066 2543 nummis
1100 2493 1332 2562 antiquis
1361 2511 1511 2563 piena

487 2569 736 2623 omnibus
755 2570 921 2624 valuit
935 2569 1192 2634 adulatio,
1219 2589 1336 2644 quai
1353 2570 1513 2626 deco·

485 2667 610 2702 rnm
657 2667 808 2714 eum,
860 2648 1204 2720 ejusdemque
1249 2650 1510 2706 imberbis

489 2728 674 2782 formas
712 2747 838 2782 eum
871 2748 936 2782 ac
960 2730 1206 2799 juvenilis
1235 2731 1506 2794 exhibuit,

486 2827 654 2880 quum
695 2821 826 2862 esset
860 2827 1122 2862 annorum
1147 2810 1508 2881 septuaginta,

486 2904 590 2960 qua
621 2889 722 2942 fuit
745 2889 830 2942 vix
847 2888 1118 2943 vicenario
1145 2891 1330 2962 major.
1355 2890 1511 2942 Unus

485 2982 725 3038 superest
751 2979 954 3022 tantum
989 2988 1054 3022 ex
1083 2987 1188 3022 aire
1220 2967 1503 3033 mediocri,

483 3049 635 3116 cujus
665 3046 1061 3120 contemplandi
1101 3060 1155 3100 et
1195 3047 1509 3120 explorandi

481 3125 640 3180 nobis
673 3128 878 3197 copiam
923 3128 1048 3182 feeit
1088 3126 1330 3182 eruditus
1376 3127 1512 3182 Ger-

485 3224 672 3258 manus
693 3225 707 3259 :
733 3205 926 3260 tradita
958 3208 1116 3261 etiam
1137 3207 1279 3260 ultro
1299 3207 1509 3277 gemina

481 3285 688 3338 nummi
721 3286 915 3357 effigie.
955 3289 1186 3357 Augusti
1222 3287 1394 3340 vultui
1427 3299 1509 3340 sat

483 3365 618 3418 mala
651 3365 821 3418 forma
864 3377 918 3418 et
953 3367 1240 3426 rusticana.
1269 3364 1509 3437 adjectus

482 3457 558 3498 est
599 3445 788 3510 lituus,
829 3445 1134 3516 symbolum
1171 3459 1456 3516 auguratus
1487 3463 1504 3499 ε

482 3543 603 3580 cum
649 3525 938 3597 epigraphe
973 3523 1131 3577 latina
1177 3543 1400 3578 causan.
1439 3527 1505 3578 In

481 3605 685 3678 postica
723 3617 872 3676 parte
911 3603 1088 3656 vultus
1125 3615 1205 3656 est
1239 3605 1414 3657 senilis
1449 3617 1505 3658 et

481 3687 656 3757 gravis
671 3719 686 3745 ,
717 3686 889 3738 barba.
905 3683 1076 3753 crispa
1097 3701 1158 3735 ac
1168 3683 1350 3753 spissa,
1371 3703 1503 3755 qua-

481 3765 546 3819 lis
573 3767 626 3819 in
657 3765 892 3822 nummis
915 3761 1442 3816 Lacedaemoniorum
1469 3781 1503 3817 e

481 3844 622 3900 Gaza
665 3846 806 3917 regia
846 3844 1087 3917 pingitur
1123 3861 1242 3894 cum
1284 3843 1503 3896 nomine

481 3931 882 3980 ΔΥΚΟΥΡΓΟΣ.
927 3923 1030 3978 Sed
1070 3923 1158 3976 hic
1205 3922 1378 3992 capite
1423 3935 1505 3975 est

478 4000 749 4057 laureato:
802 4007 938 4058 iufra
991 4005 1163 4058 littera
1201 4011 1466 4072 gmon-A
1484 4037 1503 4066 ,

1597 1320 1715 1373 qun
1738 1301 1909 1372 prima
1938 1300 2169 1354 nominis
2198 1306 2462 1372 Λυκοῦργος
2493 1313 2573 1354 est
2600 1321 2614 1355 τ

1598 1395 1657 1435 ut
1678 1380 2005 1452 significetur
2023 1381 2319 1451 Augustum
2346 1381 2502 1433 fuisse
2513 1382 2617 1453 Ly·

1598 1479 1823 1532 curgum
1846 1460 2069 1518 alterum
2088 1499 2103 1524 ,
2126 1461 2229 1512 hoc
2248 1472 2327 1512 est
2342 1496 2361 1520 ‚
2384 1459 2614 1530 optima-

1598 1559 1717 1593 rum
1761 1540 1935 1611 legum
1980 1539 2037 1593 in
2068 1539 2218 1592 Italia
2254 1537 2613 1605 conditorem,

1598 1633 1660 1674 ut
1705 1619 1807 1674 suit
1836 1618 1963 1672 olim
2000 1617 2381 1672 Lacedaemone
2410 1618 2615 1688 Lycur-

1595 1717 1725 1770 gus:
1756 1700 1842 1751 cui
1860 1717 1925 1752 eo
1954 1698 2202 1764 nomine,
2228 1697 2373 1769 quod
2396 1698 2618 1769 popula·

1596 1797 1680 1832 res
1736 1795 1860 1830 suos
1898 1776 1965 1830 ad
2002 1789 2207 1830 rectum
2247 1777 2368 1830 vitu
2411 1776 2611 1830 cultum

1594 1858 1703 1910 suis
1726 1855 1933 1926 legibue
1960 1856 2335 1920 transtulisset,
2364 1867 2485 1925 post
2506 1855 2617 1908 obi·

1597 1948 1709 1989 tum
1734 1935 1975 1988 dicavere
2007 1933 2292 1988 delubrum
2319 1935 2613 2004 Spartiatae,

1595 2028 1653 2068 ut
1682 2011 1883 2068 Herod.
1912 2013 2005 2065 lib.
2036 2014 2064 2065 1
2090 2025 2285 2066 narrat.
2315 2013 2403 2065 Sic
2428 2014 2485 2065 in
2512 2033 2615 2067 nu·

1594 2095 1833 2149 mismate
1856 2095 2021 2145 altero
2040 2132 2055 2156 ,
2078 2090 2225 2164 quod
2260 2090 2329 2145 ad
2349 2093 2459 2144 vll
2475 2128 2493 2155 ‚
2518 2094 2615 2158 31,

1592 2173 1943 2244 protulimus,
1966 2170 2107 2225 idem
2136 2173 2404 2242 Augustus
2430 2170 2615 2225 eadem

1596 2254 1706 2306 fere
1743 2251 1948 2306 nummi
1988 2252 2161 2305 forma
2210 2269 2333 2305 cum
2394 2251 2613 2306 Platone

1590 2331 1867 2386 confertur
1886 2369 1902 2393 ,
1964 2331 2036 2384 ob
2091 2331 2421 2403 sapientiam.
2475 2331 2614 2384 Hinc

1592 2415 1840 2466 KAIXAP
1868 2415 2208 2464 ΣΕΒᾸΣΤΟΣ
2236 2430 2249 2464 2
2280 2409 2405 2464 inde
2442 2415 2613 2464 IIAA-

1590 2497 1758 2546 ΤΩΝ.
1786 2494 1853 2544 In
1874 2491 1977 2544 isto
1998 2490 2335 2561 exprimitur,
2358 2488 2507 2562 quod
2527 2488 2610 2543 di·

1590 2583 1734 2626 etum
1759 2572 1809 2624 ei
1831 2572 1898 2623 ab
1922 2571 2144 2624 Horatio
2163 2582 2269 2635 est,
2286 2569 2380 2622 lib.
2400 2569 2482 2632 Π,
2506 2571 2608 2638 Ep.

1600 2671 1650 2715 1,
1682 2671 1733 2703 v.
1769 2668 1791 2704 1
1820 2669 1834 2703 ε
1882 2677 1904 2698 ι
1932 2650 2116 2714 Quum
2154 2661 2237 2702 tot
2271 2647 2525 2702 sustineas
2558 2660 2611 2701 et

1595 2743 1735 2784 uinta
1771 2730 1983 2800 negotia
2015 2730 2184 2792 solus,
2218 2729 2319 2782 Res
2348 2727 2508 2780 Italas
2526 2746 2613 2781 ar-

1591 2811 1693 2864 mis
1730 2809 1939 2874 tuteris,
1968 2809 2208 2862 moribus
2242 2823 2435 2875 ornes,
2456 2807 2613 2879 Legi-

1590 2890 1691 2943 bus
1718 2886 1998 2953 emendes,
2022 2901 2123 2942 etc.
2150 2914 2173 2935 ι
2204 2887 2365 2940 Prior
2394 2898 2600 2939 tantum

1590 2968 1763 3023 littera
1789 2987 1957 3040 graeca
1989 2966 2218 3020 nominis
2248 2966 2479 3038 Lycurgi
2516 2984 2611 3036 ap·-

1586 3049 1809 3121 ponitur
1833 3065 1847 3100 :
1872 3045 2145 3102 indicante
2160 3046 2379 3100 solerter
2404 3045 2611 3098 nummi

1590 3127 1817 3199 opifice,
1863 3127 1987 3180 satis
2028 3145 2166 3190 esse,
2202 3125 2245 3178 si
2289 3125 2357 3178 ab
2390 3121 2612 3178 eruditis

1589 3219 1960 3278 agnosceretur
1998 3205 2275 3276 Lycurgus
2318 3223 2382 3257 ex
2438 3203 2611 3275 prima

1590 3287 1820 3340 nmini·
1873 3285 2040 3338 littera
2059 3325 2076 3349 ,
2132 3286 2341 3355 integro
2392 3283 2611 3336 nomine

1590 3385 1699 3419 non
1722 3383 1999 3436 expresso,
2034 3364 2106 3417 ob
2132 3362 2373 3416 odiosam
2400 3365 2513 3430 ejus
2538 3361 2608 3412 si·

1594 3445 2007 3516 gnificationem.
2038 3445 2131 3496 Est
2153 3445 2293 3496 enim
2316 3447 2609 3511 Λυκοῦργος,
2664 3496 2667 3500 A

1593 3543 1694 3596 pro
1714 3525 1970 3595 λυκόοργος
1996 3543 2011 3576 z
2042 3521 2191 3595 quod
2219 3522 2360 3577 idem
2390 3521 2526 3575 valet
2548 3538 2609 3573 ac

1593 3605 1696 3676 lupi
1714 3609 1789 3658 im
1804 3645 1820 3669 ,
1844 3605 1923 3656 vel
1949 3604 2089 3674 lupun
2112 3607 2281 3655 iratus.
2310 3603 2489 3654 Ham).

1674 3704 1728 3738 a.
1759 3685 1819 3737 In
1842 3684 2136 3736 adulatione.
2166 3681 2407 3736 Gronov.
2443 3691 2496 3732 et
2522 3679 2608 3731 ΑΙ.

1590 3777 1711 3818 ante
1735 3763 1900 3817 Hard.
1935 3786 1956 3808 ι
1974 3762 2041 3816 ad
2061 3763 2322 3816 honorem
2356 3759 2467 3814 div.
2500 3760 2610 3812 Au-

1592 3857 1731 3912 gust.
1766 3843 1820 3896 in
1852 3842 2208 3897 adulationem
2238 3855 2401 3912 temp.
2419 3867 2445 3886 ι-
2467 3840 2569 3892 En.

1672 3923 1723 3976 3.
1750 3924 2015 3976 Pharnacis
2032 3961 2049 3985 ,
2082 3926 2167 3992 qui
2186 3923 2370 3991 primus
2394 3921 2615 3989 regnavit

1592 4007 1641 4054 in
1667 4003 1853 4068 Peneo,
1890 4015 1989 4056 etc.
2028 4003 2157 4071 Ejus
2197 4001 2291 4070 qui
2336 3997 2613 4054 Mithrida·
