2975 4684
444 397 538 468 92

997 376 1072 445 C.
1128 376 1452 446 PLINII
1501 375 1718 445 NAT.
1775 374 2043 443 HIST.

450 507 864 578 cicatricibus
938 508 1219 577 maxime
1284 506 1692 603 glutinandis
1709 560 1730 594 ,
1809 521 1878 577 et
1942 518 2176 576 contra
2251 519 2586 578 tenesmos

449 613 1011 733 dysenteriasque,
1046 613 1261 683 infusa
1310 613 1702 709 clysteribus
1745 638 1900 684 cum
1940 626 2200 744 myrteo
2237 611 2406 683 oleo.
2448 613 2582 682 Ad-

450 720 618 790 dunt
652 733 719 788 et
760 721 825 788 in
858 717 1375 809 medicamenta,
1408 746 1557 815 quae
1587 735 1834 790 vocant
1873 705 2176 816 liparas,
2225 719 2310 790 ad
2347 743 2584 790 excre-

450 825 699 896 scentia
738 811 1127 895 hulcerum⁶
1128 841 1302 914 ,aut
1328 852 1409 895 ex
1444 828 1674 896 attritu
1711 826 1923 916 facta,
1959 840 2076 896 aut
2103 827 2171 895 in
2195 827 2412 921 capite
2448 849 2584 896 ma·

295 957 301 966 ·
382 978 409 1011 2
450 932 691 999 nantia.
721 931 885 1000 Fit
866 956 935 1000 ιιι
973 932 1201 1002 iisdem
1239 931 1521 1003 metallis
1559 949 1627 1002 et
1665 959 1812 1028 quae
1851 937 2130 1002 vocatur
2173 931 2446 1064 spuma⁷
2477 956 2583 1001 ar-

446 1037 646 1132 genti.
680 1038 947 1108 Genera
983 1038 1125 1132 ejus
1154 1040 1327 1108 tria:
1368 1040 1621 1134 optima
1661 1064 1860 1134 quam
1897 1026 2257 1135 chrysitin⁸
2297 1053 2580 1109 vocant.

446 1143 773 1230 secunda,
837 1168 1037 1238 quam
1081 1145 1447 1240 argyritin·
1501 1148 1726 1230 tertia,
1780 1169 1979 1241 quam
2031 1145 2449 1266 molybditin.
2495 1147 2585 1214 Et

446 1248 838 1346 plerumque
872 1275 1102 1321 omnes
1142 1251 1211 1320 hi
1258 1251 1569 1324 colores'
1553 1279 1620 1322 ιιι
1659 1252 1887 1323 iisdem
1920 1250 2206 1322 tubulis⁹
2236 1251 2582 1321 inveniun-

446 1371 576 1426 tur.
645 1357 1112 1428 Probatissima
1195 1373 1296 1427 est
1366 1361 1568 1431 attica
1584 1358 1633 1384 ¹⁰
1655 1412 1674 1445 ,
1743 1359 2046 1454 proxima
2105 1357 2580 1454 Hispaniensis.

444 1463 827 1561 Chrysitis¹¹
878 1489 959 1532 ex
1002 1487 1174 1535 vena
1215 1467 1357 1561 ipsa
1404 1465 1521 1555 fit,
1558 1466 1862 1563 argyritis
1897 1490 1986 1536 ex
2013 1480 2330 1562 argente,
2367 1462 2581 1559 moly-

524 1643 580 1696 ⁵.
619 1644 747 1714 Qoeae
786 1653 969 1694 vocant
1012 1642 1212 1712 lipom.
1260 1645 1342 1698 De
1378 1644 1466 1698 his

442 1723 645 1796 egimus
674 1721 892 1788 xxm,
918 1722 1009 1775 81.
1042 1723 1225 1777 Hann-

520 1804 572 1855 6.
604 1801 699 1854 Ad
724 1805 1040 1855 excrescentia
1068 1803 1326 1856 bulcem.
1369 1801 1463 1857 Ad

442 1899 625 1936 carnes
648 1881 705 1933 in
732 1881 1040 1936 hulceribus
1064 1895 1425 1936 excrescentes
1446 1920 1463 1947 ‚

444 1959 511 2016 sd
531 1961 749 2014 bulcem
775 1979 839 2014 ex
862 1963 1051 2037 attritu
1076 1963 1210 2016 facta
1226 1999 1245 2026 ‚
1272 1973 1371 2016 etc.
1391 1961 1461 2014 Η.

519 2061 573 2112 7.
625 2038 823 2112 Spuma.
870 2043 1161 2114 Διθαὶργυρος
1220 2041 1463 2094 Dio-cor.

440 2122 511 2186 V,
541 2139 664 2174 toa.
694 2121 937 2186 Nostris,
964 2121 1468 2192 &haganum—

440 2199 623 2272 Spuma
638 2205 844 2272 argenti.
868 2201 954 2254 Fit
974 2219 1035 2255 ea
1060 2219 1246 2272 spuma
1272 2219 1335 2254 ex
1352 2199 1464 2253 solo

438 2281 662 2353 plumbo
680 2321 693 2343 ,
733 2279 882 2356 quod
914 2301 1036 2336 cum
1066 2281 1181 2335 aliis
1208 2280 1459 2345 metallis,

434 2379 501 2414 ac
530 2362 795 2434 procipue
816 2379 937 2416 cum
963 2373 1181 2432 argento
1198 2399 1214 2426 ,
1238 2359 1307 2414 ed
1336 2359 1464 2413 faci-

437 2440 628 2496 liorem
646 2442 909 2496 fusionem
930 2441 1466 2512 purificationemque

440 2521 705 2575 miscetur.
731 2523 991 2576 Fervente
1014 2521 1267 2587 mixtura,
1294 2520 1468 2591 plum·

438 2601 565 2654 bum
586 2601 840 2655 violentia
856 2601 996 2672 ignis
1020 2613 1361 2655 extenuatum
1387 2601 1466 2654 le-

439 2680 661 2734 vitatem
680 2681 912 2753 acquirit
928 2723 944 2745 ,
972 2691 1199 2752 argento
1212 2697 1468 2751 supernu-

438 2771 515 2813 tnt
531 2798 547 2825 ,
578 2773 631 2814 et
650 2760 713 2814 fit
732 2781 943 2832 spuma.
961 2762 1129 2816 Buor.
1154 2791 1236 2804 —
1251 2760 1465 2814 Lithar-

438 2857 601 2910 gyros
638 2841 775 2894 nihil
818 2839 966 2895 aliud
1008 2853 1086 2895 est
1116 2857 1276 2914 quam
1318 2837 1467 2912 quod

438 2919 657 2974 chimici
694 2921 839 2975 oxide
872 2921 933 2974 de
963 2919 1157 2992 plomb,
1194 2920 1278 2974 vel
1298 2919 1465 2990 plomb

438 2999 588 3052 oaeick‘
615 3013 822 3054 vocant.
850 3001 989 3055 Huic
1023 2997 1347 3074 quandoque
1378 3017 1469 3052 su-

440 3095 563 3131 reus
592 3080 866 3151 splendor,
898 3093 954 3134 et
992 3095 1071 3136 est
1106 3081 1329 3152 clu-ysius
1341 3099 1362 3142 ,-
1389 3097 1468 3132 ar·

438 3169 689 3231 gemeus,
732 3172 784 3214 et
818 3173 897 3214 est
936 3164 1200 3234 arvo-itis,
1242 3171 1343 3213 etc.
1378 3159 1467 3213 Fit

440 3238 653 3310 plumbi
700 3240 974 3312 colliquati
1016 3259 1138 3294 cum
1194 3239 1294 3294 hac
1332 3239 1468 3293 seris

440 3329 611 3389 parte,
624 3337 783 3392 quam
804 3325 1005 3392 origene
1020 3319 1310 3393 appellant,
1328 3319 1483 3395 mix-A

438 3413 577 3454 tura.
603 3399 711 3452 En.

524 3481 576 3534 8.
610 3479 771 3550 Quam
806 3481 1054 3550 chry-sitin.
1085 3482 1129 3534 A
1156 3481 1341 3534 colore
1368 3497 1466 3532 su-

442 3576 569 3626 τοο,
604 3577 695 3612 seu
730 3559 901 3625 flavo,
930 3579 1107 3632 quum
1139 3559 1346 3632 argenti
1376 3577 1468 3612 ve·

440 3659 525 3694 me
554 3639 844 3710 plurimum
884 3638 1003 3692 aris
1036 3638 1331 3693 admixtum
1370 3649 1464 3691 est.

524 3738 578 3788 9.
611 3719 673 3772 In
704 3720 869 3772 iisdem
910 3719 1115 3772 tubulis..
1142 3721 1275 3788 Reg.
1318 3737 1369 3779 a.
1412 3729 1467 3771 et

444 3797 600 3853 colb.
627 3800 683 3865 3,
704 3803 757 3852 in
778 3799 945 3852 iisdem
972 3799 1167 3852 tabulis.
1184 3798 1343 3852 Male.
1364 3797 1467 3851 Fu-

438 3897 586 3932 sores
610 3879 775 3935 bodie
798 3898 963 3953 panes
980 3891 1172 3934 vocant
1186 3917 1201 3944 ,
1218 3896 1313 3932 seu
1334 3895 1467 3932 mas·

442 3975 523 4011 sss
534 3995 553 4023 ,
578 3961 819 4034 offasque
832 3980 849 4028 ς
870 3959 1084 4015 tubulos
1096 3955 1465 4030 untiqui.Vide

442 4035 673 4094 formam
716 4041 1027 4098 tubulorum
1064 4057 1363 4112 expressam
1406 4039 1463 4093 in

1553 1647 1711 1700 icone
1733 1633 1877 1718 apud
1906 1643 2211 1716 Agricolam
2242 1641 2312 1698 de
2343 1645 2424 1698 Re
2455 1655 2582 1698 met.

1555 1727 1638 1792 X,
1665 1745 1724 1798 p.
1753 1725 1888 1790 384.
1921 1725 2102 1778 Haut».

1644 1823 1728 1859 ιο.
1769 1805 2119 1858 probatissima
2163 1815 2237 1856 ese
2279 1807 2449 1856 attica.
2496 1803 2584 1859 sic

1555 1885 1810 1948 DioscN,
1850 1902 1974 1938 toa.
1997 1884 2182 1937 Eun.

1643 1984 1730 2018 ιι.
1772 1964 2024 2036 Chysieis.
2067 1963 2130 2014 In
2177 1961 2262 2016 his
2303 1963 2475 2016 rebus'
2505 1960 2584 2014 di·

1555 2041 1883 2116 stinguendis
1903 2041 2110 2096 Plinius
2133 2042 2351 2096 fallitur.
2367 2039 2583 2110 Chrysi-

1556 2123 1622 2176 tis
1657 2125 1726 2178 ab
1761 2141 1895 2177 auro
1931 2121 2155 2174 minime
2180 2120 2321 2174 dicta
2351 2133 2460 2188 est,
2488 2117 2582 2174 sed

1555 2204 1678 2274 quia
1711 2206 1966 2274 majorem
2012 2201 2216 2273 ignium
2254 2201 2360 2254 vim
2406 2217 2581 2272 passa,

1555 2283 1790 2338 colorem
1813 2283 2016 2337 fulvum
2037 2280 2332 2335 contraxit:
2352 2279 2580 2353 velquis

1556 2363 1620 2417 fit
1639 2381 1704 2416 ex
1729 2363 1959 2417 mixtura
1983 2361 2194 2456 plumbi
2221 2372 2274 2414 et
2309 2361 2460 2427 suri,
2491 2359 2580 2414 vel

1555 2461 1620 2496 ex
1656 2443 1884 2497 mixtum
1906 2443 2042 2496 oris.
2061 2441 2410 2514 Litbargyrus
2433 2441 2496 2494 fit
2516 2459 2580 2494 ex

1555 2541 1712 2577 arena
1764 2511 2216 2620 plumbaria,1⁰
2283 2539 2348 2576 ex
2403 2519 2584 2592 lapide

1555 2603 1892 2700 plumbario,
1934 2589 1998 2658 ²⁰
2025 2621 2088 2656 ex
2129 2601 2394 2672 plumbeis
2433 2600 2583 2656 lumi-

1553 2684 1670 2748 nis,
1707 2671 1772 2736 3⁰
1802 2701 1866 2736 ex
1900 2684 2127 2736 mixtura
2162 2681 2368 2752 plumbi
2413 2692 2466 2734 et
2505 2699 2585 2734 ar-

1555 2763 1730 2834 genti,
1760 2753 1820 2827 4⁰
1839 2779 1904 2817 ex
1929 2762 2156 2816 mixtura
2179 2760 2373 2814 horum
2398 2761 2581 2814 trium.

1561 2842 1823 2915 Agricola.
1847 2874 1930 2884 —
1957 2843 2213 2916 Chrys-itis.
2239 2841 2364 2894 Ex'
2348 2859 2462 2912 ipsa
2491 2857 2576 2893 sr-

1555 2923 1701 2994 genti
1726 2942 1860 2977 vona
1887 2941 1977 2977 seu
2001 2934 2140 2976 terra
2163 2937 2418 2984 anusve,
2438 2915 2588 2973 unde

1555 3014 1828 3075 argentum
1865 3002 2180 3064 extrahitur,
2212 3011 2441 3052 coctura.
2480 2999 2584 3051 Ex-

1556 3083 1716 3155 eoqui
1741 3085 1886 3136 euim
1913 3095 2055 3135 terra
2080 3080 2195 3132 haec
2221 3097 2337 3130 non
2371 3089 2580 3148 potest,

1558 3176 1618 3216 ut
1644 3161 1848 3216 dictum
1875 3178 1991 3232 cap.
2023 3161 2115 3223 31,
2133 3156 2236 3210 nisi
2254 3173 2380 3209 cum
2403 3155 2578 3226 plum-

1555 3242 1628 3295 bo
1663 3241 1852 3312 nigro,
1885 3251 1974 3291 aut
2007 3255 2132 3290 cum
2167 3252 2299 3288 vena
2332 3234 2579 3306 plumbi,

1555 3339 1674 3392 quie
1695 3323 1841 3391 juxta
1859 3315 2064 3388 argenti
2083 3333 2239 3368 venas
2256 3314 2575 3386 plerumque

1555 3399 1814 3471 repetitur
1848 3413 1864 3450 ε
1909 3395 2056 3450 unde
2104 3408 2244 3448 terra
2310 3411 2370 3447 ea
2415 3393 2584 3465 moly-

1552 3476 1742 3532 bdaena
1777 3477 2103 3531 nominatur.
2148 3473 2360 3528 Oribas.
2409 3474 2581 3536 1111,

1556 3558 1595 3611 f.
1643 3559 1792 3613 2²8:
1843 3584 1865 3606 ι
1899 3557 2277 3628 Lithoi-gyros,
2321 3555 2425 3607 boc
2475 3565 2590 3618 est,

1555 3638 1764 3710 argenti
1791 3655 1979 3709 spuma
1999 3677 2014 3704 ,
2052 3633 2295 3708 quedam
2326 3651 2582 3687 ersi-ena

1555 3717 1652 3782 fit,
1679 3736 1798 3791 quae
1827 3714 2140 3790 molybditis
2171 3712 2499 3776 nominatur,
2523 3711 2580 3764 in

1556 3798 1770 3852 fornace
1804 3815 1973 3870 usque
2009 3795 2140 3850 dum
2171 3806 2278 3848 tota
2313 3793 2369 3846 iu
2401 3791 2582 3862 ignem

1552 3879 1768 3950 penitus
1807 3877 2103 3942 transierit,
2143 3884 2400 3927 excoctu·
2443 3887 2582 3943 qu·-

1552 3957 1678 4012 dsm
1708 3977 1840 4012 vero
1865 3975 1930 4011 ex
1967 3966 2213 4026 argento.
2238 3947 2484 4022 quodum
2515 3967 2584 4003 ex

1553 4038 1837 4111 plumbo..
1858 4035 2230 4109 ,Appellantur
2268 4049 2440 4099 vero,
2465 4047 2586 4102 qun
