2975 4684
962 389 985 410 ⁸
1074 381 1389 452 LIBER
1436 383 1835 452 XXXVII.

404 500 658 586 tentus³
661 514 1125 609 ,celantesque
1160 539 1229 584 se
1240 511 1702 629 transfulgent
1737 537 1950 582 aureae
1983 524 2220 609 guttae,
2259 536 2518 607 semper

402 623 471 689 in
505 645 820 715 corpore,
862 645 1220 715 numquam
1240 605 1329 687 in
1368 633 1539 688 cute.
1587 617 1856 689 Accedit
1890 617 2117 715 religio
2143 631 2439 704 narrata,
2479 641 2520 686 a

402 725 690 795 siderum
762 728 1196 821 cognatione,
1271 725 1355 792 ab
1420 725 1896 819 inspectoribus
1912 774 1931 809 ,
1999 725 2310 819 quoniam
2381 723 2519 792 fere

366 830 733 902 ‚stellarum
791 831 1091 926 Hyadum
1152 843 1219 900 et
1276 854 1588 913 numero,
1651 843 1719 898 et
1781 829 2202 923 dispositione
2265 827 2524 898 stellan-

402 949 531 1024 tur‚
572 936 661 1006 ob
718 935 785 1006 id
848 935 1169 1005 Chaldaeis
1222 936 1290 1002 in
1348 935 1738 1005 caerimoniis
1783 933 2046 1004 habitae.
2087 937 2175 1002 Et
2214 934 2330 1004 hic
2369 957 2510 1003 ma·
2557 971 2585 1005 ι

403 1065 507 1110 res
524 1029 549 1074 ⁴
602 1044 943 1113 austeritas
990 1041 1358 1158 distinguit,
1396 1039 1683 1135 quodam
1729 1024 1988 1135 vigore-⁵
2033 1041 2346 1133 ‘apposita
2391 1041 2520 1108 tin·

406 1172 584 1243 gens.
588 1145 863 1218 Indicae
902 1147 1165 1242 quidem
1196 1147 1390 1214 etiam
1422 1145 1734 1215 hebetare
1760 1146 1934 1214 visus
1965 1143 2290 1213 dicuntur.
2320 1143 2522 1214 Blan-

402 1252 549 1321 dior
596 1252 853 1322 feminis
908 1253 1227 1320 flamma.
1270 1249 1558 1320 alliciens
1597 1250 1838 1346 magis,
1880 1273 2075 1343 quam
2137 1247 2521 1354 accendens:
2553 1313 2558 1316 .

403 1359 573 1426 Sunt
603 1359 715 1451 qui
751 1352 1105 1451 praeferant
1138 1355 1449 1425 Arabicas
1484 1355 1728 1425 Indicis
1752 1405 1771 1438 ,
1812 1353 2194 1448 fumidoque
2245 1339 2522 1448 chryso-

403 1459 569 1530 litho
607 1460 749 1532 illas
793 1461 1032 1532 similes
1066 1460 1309 1530 dicant.
1351 1463 1673 1531 Ismenias
1711 1484 1871 1530 vero
1907 1473 2103 1556 negat
2139 1457 2337 1554 'poliri
2379 1483 2522 1527 san-

404 1565 686 1636 dareson
705 1619 726 1654 ‚
774 1580 1047 1661 propter
1080 1566 1493 1636 teneritatem
1523 1591 1537 1634 :
1578 1581 1660 1662 et·
1682 1565 1770 1634 ob
1805 1565 1872 1632 id
1917 1564 1988 1633 in
2024 1588 2265 1660 magno
2300 1587 2524 1632 errore

2250 361 2258 368 .
2373 377 2518 475 629

406 1685 593 1758 sunt,
613 1673 726 1766 qui
747 1672 1121 1741 sandaricas
1140 1685 1399 1741 vocent.
1424 1673 1602 1740 Inter
1628 1695 1858 1740 omnes
1886 1682 2147 1740 constat
2159 1681 2524 1762 ‚quantum
2619 1743 2628 1754 ,

404 1801 683 1849 numero
734 1776 1071 1847 stellarum
1128 1775 1440 1860 accedat,
1482 1790 1740 1862 tantum
1792 1789 1861 1844 et
1917 1774 2134 1870 pretio
2189 1773 2524 1863 accedere.

404 1881 622 1951 Affert
672 1906 967 1951 errorem
980 1879 1361 2010 ¹3aliquando
1404 1879 1764 1950 similitudo
1820 1879 2146 1964 nominis,
2201 1857 2530 1964 sandasel,
2565 1903 2604 1959 a

403 1987 585 2082 quod
632 1969 1007 2058 Nicander⁶
1036 1985 1474 2055 sandareseon
1519 1999 1750 2072 vocat,
1785 1983 1894 2053 alii
1919 1982 2337 2056 sandareson.
2373 1982 2532 2069 Qui

404 2089 555 2161 dam
602 2116 761 2162 vero
794 2091 971 2160 hanc
1008 2090 1432 2176 sandastron,
1469 2088 1648 2159 illam
1691 2086 2196 2158 sandaresum⁷:
2233 2088 2302 2156 in
2338 2085 2530 2155 India

403 2211 781 2267 nascentem
827 2181 1047 2266 illam⁸
1080 2219 1373 2290 quoque,
1446 2206 1516 2264 et
1547 2192 1673 2263 loci
1723 2217 1966 2284 nomen
2003 2189 2528 2261 custodientem:

404 2299 558 2370 mali
594 2299 855 2385 colore,
891 2315 1007 2368 aut
1041 2299 1167 2368 olei
1204 2299 1465 2384 viridis,
1506 2299 1812 2369 omnibus
1851 2298 2315 2392 improbatam.

509 2407 766 2475 XXIX.
800 2407 900 2473 Ex
920 2403 1151 2474 eodem
1178 2427 1419 2498 genere
1444 2403 1815 2473 ardentium
1833 2454 1864 2497 ²,
1887 2399 2164 2497 lychnis²
2200 2397 2530 2495 appellata
2560 2444 2588 2480 ι

1509 2583 1782 2636 austeritas
1807 2581 2116 2652 distinguit,
2145 2575 2408 2652 siquidem
2447 2579 2532 2632 vi·

1510 2680 1606 2730 gor
1634 2660 1870 2731 apposite
1904 2660 2114 2730 tingens
2145 2659 2374 2712 iudicat:
2417 2657 2534 2730 qui-

406 2587 545 2642 Hinc
575 2603 913 2656 summopere
938 2545 1297 2638 commendari
1316 2582 1391 2636 ait
1404 2621 1423 2648 ,

406 2665 555 2737 quod
572 2683 743 2719 auree
764 2677 925 2734 gutta
940 2683 1069 2735 quas
1086 2663 1226 2716 intus
1248 2661 1423 2726 habet,

407 2746 555 2797 velut
576 2746 634 2798 in
660 2741 921 2796 tralucido
937 2781 953 2806 ,
974 2754 1029 2794 et
1048 2759 1161 2798 sese
1193 2741 1423 2794 celantes

407 2823 799 2892 transfulgesnt.
821 2819 991 2872 Sam.
1008 2821 1261 2888 —Igm'a
1284 2819 1425 2890 Ignis

408 2901 552 2954 intus
562 2896 825 2962 conditus,
842 2916 903 2950 tc
919 2899 1082 2952 veluti
1102 2895 1426 2951 absconden

409 2991 489 3032 tes
514 2995 625 3032 sese
649 2995 819 3030 aureo
836 2989 1017 3046 gutta.
1042 2977 1226 3029 Han.

491 3056 545 3110 3.
560 3057 1031 3126 Ιςπὶιοότοιιειιιδίο
1054 3054 1427 3120 MSS.omues‚

409 3155 543 3209 quos
566 3135 907 3206 inspeximus.
932 3135 1085 3188 Prius
1114 3135 1421 3206 legebatur:

412 3239 435 3262 ι
459 3216 606 3269 velut
630 3213 689 3267 iu
722 3211 1041 3268 uanslueido
1060 3213 1321 3267 stellantes
1344 3213 1426 3267 iu·

410 3309 497 3350 tus
519 3295 720 3365 fulgent
740 3309 909 3346 aurea
927 3305 1105 3362 gutta.
1128 3317 1151 3340 ι
1170 3292 1426 3368 Isidorus,

410 3375 516 3429 loe.
545 3374 637 3428 cit.
662 3396 684 3418 ι
708 3369 873 3438 Quod
896 3370 1061 3423 veluti
1082 3370 1223 3424 intro
1242 3370 1423 3425 lucido

414 3455 533 3525 igne
579 3453 723 3506 intus
774 3451 975 3520 fulgent
1027 3465 1195 3502 aureo
1244 3463 1421 3522 gutta.

414 3533 633 3588 Constat
657 3543 829 3583 autem
856 3529 994 3581 inter
1016 3547 1201 3581 omnes
1214 3541 1244 3593 ,⁴
1261 3548 1429 3599 quan-

415 3626 499 3666 tus
510 3627 765 3664 numerus
772 3607 1037 3661 stellarum
1050 3604 1267 3671 accedit,
1280 3621 1427 3662 tauto

415 3703 468 3744 et
493 3691 723 3761 pretium
745 3685 1011 3741 accedere.
1040 3711 1064 3732 ι
1098 3686 1285 3741 Han.

498 3775 553 3832 4.
588 3769 658 3820 Ee
685 3769 763 3820 Ιιὶσ
790 3785 965 3823 mam.
1002 3777 1098 3819 ete.
1131 3764 1289 3818 Utin
1312 3784 1427 3819 ear·

418 3847 686 3910 bnueulis‚
708 3865 823 3916 esp.
857 3845 951 3899 25.
982 3843 1165 3897 Han.

502 3923 554 3977 5.
602 3927 871 3978 Amce-itas
912 3923 1191 3993 ᾰὶιίὶηζιιίτ,
1208 3922 1428 3996 ‘quodam

418 4008 587 4076 vigore
602 4043 617 4068 ,
644 4015 743 4059 etc.
760 4001 993 4076 Legend.
1014 4028 1038 4050 ι
1068 4003 1137 4056 Et
1153 4001 1243 4054 hie
1260 4019 1429 4055 mares

1510 2737 1633 2792 dam
1667 2738 1852 2802 etiam,
1892 2748 1995 2790 etc.
2026 2762 2050 2785 ι
2087 2739 2156 2790 Et
2181 2756 2296 2808 esp.
2326 2743 2358 2790 5
2395 2739 2533 2808 ejus-

1510 2817 1634 2871 dem
1654 2817 1816 2870 libri:
1833 2813 2032 2877 nullis
2051 2817 2220 2885 major
2240 2815 2534 2878 austeritas,

1512 2915 1610 2950 nee
1640 2897 1816 2948 minus
1850 2893 1986 2947 vitii.
2018 2891 2144 2944 ·Et
2173 2891 2334 2961 paulo
2363 2903 2530 2961 post:

1514 2994 1694 3046 «ergo
1727 2973 1916 3067 Cyprii
1954 2971 2097 3024 varie
2125 2968 2342 3040 glauci:
2370 2968 2536 3040 magis

1512 3073 1574 3109 ec
1604 3055 1780 3106 minus
1808 3054 1864 3105 in
1895 3047 2082 3105 eodem
2122 3045 2396 3118 smaragdo
2420 3047 2536 3102 aliis

1512 3132 1750 3206 partibus
1794 3144 2064 3184 tenorem·
2077 3128 2226 3182 illum
2276 3125 2538 3198 Scythico

1511 3211 1826 3264 austeritatis
1833 3227 1946 3262 non
1956 3225 2161 3279 semper
2169 3204 2527 3260 custodiunt.-

1511 3289 1686 3362 Παρὸν
1732 3289 1906 3344 (ἔτεσί
1945 3300 2139 3342 vocant
2177 3283 2324 3357 quod
2361 3296 2536 3344 auste-

1511 3389 1633 3424 rum
1665 3369 1720 3420 in
1751 3367 2020 3422 coloribus
2047 3365 2246 3418 Latini.
2266 3363 2437 3415 Ssu-

1595 3451 1650 3502 6.
1705 3447 1858 3516 Quod
1907 3447 2168 3501 Nicander.
2231 3441 2319 3495 Sic
2380 3439 2531 3494 MSS.

1514 3545 1731 3590 omnes,
1761 3539 1812 3580 et
1849 3527 1952 3580 hoe
1979 3525 2138 3589 ·,loco
2174 3533 2228 3574 et
2251 3521 2308 3573 in
2338 3516 2533 3572 indice.

1514 3607 1657 3679 'rypi
1671 3624 1858 3660 omnes
1879 3619 2188 3676 perperam,
2203 3601 2444 3660 Nicanor.
2463 3597 2537 3650 fl.

1599 3705 1651 3756 7.
1680 3686 1824 3738 Illam
1852 3683 2176 3736 saudan-mm.
2201 3678 2284 3730 De
2315 3693 2418 3746 qua
2453 3673 2536 3728 di-

1515 3777 1658 3819 etum
1677 3777 1759 3817 est
1778 3763 1932 3816 initio
1965 3761 2122 3828 hujus
2141 3774 2257 3826 cap.
2285 3754 2465 3806 Hsnn.

1599 3846 1652 3899 8.
1687 3845 1752 3896 In
1781 3842 1924 3895 India
1965 3847 2228 3890 amantem
2265 3834 2414 3885 ιΙίιιιιι.
2457 3832 2536 3886 De

1515 3941 1619 3994 qua
1653 3923 1808 3992 plane
1847 3915 2012 3972 modo
2055 3911 2342 3968 Nicander.
2385 3913 2456 3964 Η.

1599 4001 1801 4056 xxlx.
1845 4017 1894 4052 ι.
1934 3995 2186 4069 Lychnieu
2223 3991 2464 4063 appellata
2505 4009 2538 4044 a

2159 4085 2286 4175 40³
