2975 4684
480 375 619 457 144
931 396 942 425 ⁴
1025 371 1097 439 C.
1151 370 1487 439 PLINII
1541 370 1752 439 NAT.
1811 373 2057 439 HIST.

478 508 767 577 maxime.
788 500 1108 599 Apollinis
1126 502 1437 598 Delphici
1464 504 1874 575 dicabantur.
1907 504 2224 575 Placuere
2243 520 2312 575 et
2335 506 2600 601 lychnu-

478 613 629 683 chi⁷
678 607 954 706 pensiles
1003 611 1069 678 in
1108 609 1431 697 delubris,
1464 625 1582 681 aut
1617 610 1928 681 arborum
1957 610 2160 681 modo
2191 612 2358 681 mala
2390 613 2597 683 feren-

481 722 642 787 tium
689 715 1025 785 lucentes:
1071 716 1281 811 qualis
1324 731 1424 786 est
1471 718 1542 785 in
1577 716 1826 811 templo
1868 702 2230 813 Apollinis⁸
2269 717 2593 807 Palatini,

477 822 655 917 quod
686 819 1057 891 Alexander
1085 824 1370 917 Magnus
1396 823 1773 891 Thebarum
1803 810 2294 918 expugnatione
2323 840 2593 919 captum

474 931 543 997 in
576 931 786 1023 Cyme
814 925 1151 996 dicaverat
1184 928 1392 995 eidem
1429 927 1578 996 deo.

583 1028 705 1106 IX.
728 1022 1167 1125 (1v.)Transiit
1190 1031 1429 1102 deinde
1446 1056 1554 1102 ars
1571 1032 2032 1127 ubiquevulgo
2061 1034 2146 1103 ad
2167 1032 2420 1129 effigies
2447 1034 2598 1105 deo-

474 1168 643 1212 rum.
688 1141 919 1207 Romae
964 1138 1386 1227 simulacrum
1431 1163 1511 1208 ex
1558 1162 1687 1207 aere
1727 1138 1976 1207 factum
2032 1141 2260 1208 Cereri
2301 1142 2594 1235 primum

476 1249 735 1344 reperio
772 1270 854 1315 cx
891 1244 1148 1339 peculio
1182 1248 1292 1339 Sp.
1320 1243 1590 1330 Cassii¹‚
1619 1268 1815 1339 quem
1851 1268 2130 1339 regnum
2167 1246 2592 1316 affectantem

462 1370 663 1451 pater
690 1353 893 1448 ipsius
936 1353 1378 1420 interemerat.
1410 1353 1701 1419 Transiit
1736 1365 1802 1419 et
1841 1351 1927 1419 ab
1959 1350 2085 1419 diis
2133 1351 2217 1419 ad
2247 1352 2594 1422 hominum
2695 1403 2703 1411 -

476 1476 725 1531 statuas
780 1472 977 1552 atque
1040 1452 1359 1552 imagines
1402 1455 1628 1525 multis
1675 1454 1905 1525 modis.
1962 1458 2294 1526 Bitumine
2344 1461 2594 1555 antiqui

476 1562 903 1662 tinguebant²
938 1588 1081 1648 eas,
1136 1556 1270 1659 quo
1306 1566 1516 1657 magis
1547 1564 1786 1631 mirum
1819 1576 1919 1631 est
1947 1561 2268 1657 placuisse
2311 1588 2474 1634 auro
2506 1568 2598 1633 in·

475 1690 717 1768 tegere.
764 1676 911 1739 Hoc
970 1674 1193 1739 nescio
1241 1693 1327 1738 an
1370 1692 1722 1739 romanum
1773 1653 1934 1737 fuit³
1981 1671 2322 1739 inventum
2358 1697 2374 1740 :
2419 1685 2596 1741 certe

472 1781 669 1848 etiam
697 1778 929 1844 Romae
956 1801 1089 1844 non
1119 1774 1321 1843 habet
1338 1788 1760 1843 vetustatem.
1789 1774 2060 1867 Effigies
2087 1776 2430 1844 hominum
2460 1802 2596 1845 non

475 1881 773 1953 solebant
806 1881 1117 1973 exprimi,
1155 1880 1278 1946 nisi
1328 1875 1550 1970 aliqua
1581 1877 1816 1947 illustri
1854 1902 2048 1947 causa
2087 1882 2594 1972 perpetuitatem

472 1986 897 2067 merentium,
934 1984 1151 2077 primo
1190 2006 1530 2051 sacrorum
1565 1985 1999 2050 certaminum
2038 1984 2347 2067 victoria,
2388 1986 2592 2052 maxi·

472 2118 709 2189 meque
740 2090 1063 2185 Olympiae
1092 2114 1107 2157 :
1146 2088 1259 2155 ubi
1287 2088 1582 2155 omnium
1618 2088 1728 2180 qui
1757 2088 2094 2173 vicissent,
2125 2102 2371 2157 statuas
2391 2087 2593 2157 dicari

474 2226 620 2271 mos
672 2212 835 2269 erat.
887 2200 1136 2265 Eorum
1194 2217 1395 2277 vei-0,
1464 2194 1576 2285 qui
1648 2207 1748 2261 ter
1805 2191 1895 2259 ibi
1949 2195 2464 2285 superavissent,
2511 2219 2591 2263 ex

464 2374 1163 2453 DelphicaeDelphisfiehant
1176 2393 1187 2421 :
1202 2380 1491 2443 posteaque
1577 2372 1715 2443 Aug.
1735 2386 1848 2442 cap.
1869 2386 2016 2421 xxxx.
2043 2368 2102 2421 P.
2123 2368 2311 2422 Victor
2335 2370 2388 2422 in
2409 2370 2592 2425 Descr.

467 2461 639 2534 quivis
670 2456 816 2513 abaci
850 2459 963 2526 ejus
997 2454 1181 2505 formae
1208 2448 1264 2503 id
1291 2468 1487 2502 nomen
1578 2450 1796 2513 Roma,
1852 2448 2069 2519 regione
2121 2448 2285 2501 Urbis
2333 2447 2538 2503 decime
2577 2472 2590 2503 :

464 2542 715 2595 habuere.
748 2532 976 2589 martial.
1009 2532 1142 2599 ΧΠ,
1175 2549 1259 2603 ep.
1297 2546 1486 2583 um:
1584 2554 1608 2577 ι
1639 2527 1800 2581 AEdee
1821 2526 2114 2601 Apollinis,
2141 2528 2234 2581 uhi
2257 2528 2442 2598 lychni
2467 2548 2594 2602 pen·

476 2646 498 2667 ι
534 2618 831 2689 Argentum
853 2627 1010 2685 atquc
1026 2628 1215 2665 aurum
1235 2628 1344 2663 non
1368 2610 1489 2662 eim·
1577 2606 1770 2660 debant
1784 2608 1949 2661 instar
1960 2606 2304 2660 arbon-iamai·
2319 2609 2586 2663 ferentis..

466 2699 591 2770 plex
640 2696 894 2768 Delphica
946 2704 1141 2763 portat.
1196 2716 1218 2737 ι
1264 2690 1483 2743 Gruter.
1579 2686 1760 2740 Hann.

464 2798 523 2850 p.
558 2796 581 2831 1
601 2796 621 2831 ι
640 2779 705 2831 15
724 2816 738 2841 ,
778 2793 843 2828 ex
880 2768 1173 2826 Sin-mondo
1207 2787 1221 2822 τ
1255 2786 1485 2825 nuru:-
1653 2768 1754 2819 IX.
1789 2784 1837 2819 ι.
1867 2764 1954 2835 Sp.
1981 2764 2156 2817 Cassii.
2188 2766 2240 2817 Is
2266 2785 2487 2838 reguum
2515 2766 2594 2821 af.

466 2877 567 2912 cni
591 2874 801 2912 Anauni
839 2870 955 2908 nvn
986 2868 1135 2906 cnm
1177 2866 1343 2907 cvm-v
1388 2866 1485 2899 xx·
1574 2846 1804 2909 sectans,
1854 2844 1946 2896 ubi
2001 2844 2236 2914 primum
2289 2847 2597 2918 magian-nu

466 2956 737 2992 cunina.
764 2933 846 2987 De
868 2930 1137 3003 Delphici·
1168 2928 1329 2981 multa
1353 2928 1485 2979 Pro·
1575 2924 1736 2989 abiit,
1777 2922 2084 2985 damnatus,
2133 2938 2454 2998 necatusque
2496 2940 2594 2981 est.

466 3018 654 3089 copim
684 3018 739 3069 in
764 3010 989 3066 vandal.
1026 3010 1071 3061 1.
1102 3007 1485 3077 Acceptionem
1579 3030 1602 3052 ι
1631 3004 1768 3056 Sunt
1803 3003 1900 3075 qui
1935 3016 2137 3073 patrem
2175 3016 2444 3060 auctorem
2481 3007 2592 3077 ejus

464 3098 621 3152 aliam
668 3098 779 3167 ejus
826 3092 971 3145 voc-i·
1021 3088 1145 3142 vide
1197 3084 1340 3157 apud
1398 3085 1483 3138 cl.
1571 3084 1816 3154 supplicii
1837 3083 2039 3148 ferant,
2066 3081 2240 3154 inquit
2263 3083 2444 3138 Livius
2463 3124 2479 3151 ,
2503 3086 2590 3150 11,

466 3175 845 3247 Du-Cengium
860 3211 875 3237 ,
895 3172 949 3224 in
968 3169 1132 3223 Noth.
1160 3165 1225 3220 ad
1248 3161 1483 3220 Alexiad.

467 3276 521 3329 p.
558 3262 625 3319 4¹
644 3274 690 3308 1.
722 3254 903 3306 lium.

550 3356 602 3404 7.
636 3332 926 3407 Lychnuclu‘.
966 3332 1230 3396 Δυχνοῦχοι
1246 3364 1263 3391 ,
1292 3321 1485 3378 cande-

465 3416 631 3469 labra.
675 3414 742 3466 Et
778 3412 894 3464 haec
926 3406 1241 3479 Tranquillo
1268 3419 1481 3477 quoque

466 3506 710 3565 usurpata
739 3508 847 3543 vox
864 3490 921 3541 in
946 3488 977 3539 J
985 3487 1113 3549 ulio,
1135 3502 1251 3554 cap.
1276 3499 1478 3536 xxxvu.

466 3572 712 3629 Meminit
737 3565 1037 3623 candelabri
1061 3563 1375 3634 Euphorion
1396 3580 1480 3632 ap.

467 3654 663 3709 Athen.
700 3650 825 3714 XV,
864 3665 921 3719 p.
963 3662 1067 3717 700
1092 3683 1107 3709 ,
1156 3643 1211 3695 in
1244 3660 1353 3712 quo
1404 3650 1484 3693 tot

465 3726 994 3789 lucerna-arderent,
1032 3725 1195 3791 λύχνοι
1228 3724 1483 3783 τοσοῦτοι,

467 3827 601 3885 quot
623 3812 735 3865 dies
762 3808 889 3863 anni
918 3815 1058 3863 sunt.
1082 3802 1269 3858 lium.

550 3894 603 3946 8.
645 3890 908 3961 Apollinis.
946 3881 1109 3951 Quod
1147 3881 1213 3933 ab
1246 3880 1485 3949 Augusto

467 3968 767 4023 dedicatum
778 3966 973 4021 aun.U.
986 3984 1017 4034 7
1027 3981 1054 4014 a
1065 3964 1121 4026 6,
1136 3961 1251 4032 ipso
1260 3970 1491 4021 sextum,

466 4060 519 4100 et
542 4048 616 4100 M.
647 4047 878 4119 Agrippa
907 4062 1039 4099 coss.
1064 4036 1411 4110 Tranquillus
1434 4036 1487 4088 in

1570 3181 1692 3234 pag.
1733 3161 1829 3227 35,
1857 3180 1976 3215 eum
2009 3164 2219 3233 cognita
2251 3162 2400 3217 domi
2439 3182 2591 3218 causa

1571 3243 1872 3295 verberasse
1889 3259 1948 3293 ac
1963 3259 2202 3294 necasse:
2219 3244 2592 3313 peculiumque

1571 3321 1671 3374 filii
1712 3320 1893 3374 Cereri
1932 3322 2313 3374 consecravisse
2329 3360 2342 3381 ,
2377 3322 2590 3391 signum

1572 3400 1700 3453 inde
1723 3402 1915 3455 factum
1942 3417 2053 3452 esse
2075 3412 2128 3452 et
2149 3400 2466 3472 inscriptum
2487 3439 2503 3466 ,
2523 3419 2592 3453 nx

1571 3500 1739 3533 cassu
1788 3482 2017 3532 nurus
2059 3496 2265 3533 »ηπ-κ.
2289 3506 2312 3528 1·
2347 3480 2594 3532 Affirmat

1571 3560 1678 3613 hoc
1703 3560 1874 3630 ipsum
1894 3559 2076 3611 Valet.
2097 3560 2240 3612 Max.
2269 3560 2340 3623 V,
2367 3562 2420 3624 8,
2447 3578 2500 3611 n.
2535 3579 2585 3612 2.

1573 3640 1732 3693 Dion.
1756 3638 2023 3692 Halicaru.
2045 3638 2225 3709 Antiq·
2247 3640 2400 3689 Rom.
2423 3638 2558 3690 vm
2575 3676 2590 3701 ,

1575 3738 1627 3793 p.
1652 3720 1783 3781 546.
1807 3718 1912 3771 Alii
1934 3736 1963 3770 e
1985 3735 2120 3788 rupe
2136 3716 2404 3787 dejectum
2425 3716 2590 3773 aiunt.

1577 3800 1759 3851 Eum.

1659 3896 1708 3931 ι.
1759 3876 2076 3947 Tinguebant.
2101 3876 2270 3928 Gron.
2303 3886 2356 3927 et
2378 3875 2462 3926 Al.
2476 3878 2594 3944 pin-

1575 3956 1754 4027 gebant
1771 3976 1851 4008 eas
1879 3956 2118 4009 bitumine.
2144 3954 2248 4007 En.

1661 4034 1712 4087 3.
1757 4036 1889 4089 Face.
1915 4036 2061 4089 Brot.
2077 4035 2248 4101 fuerit.
2275 4033 2378 4087 En.
