2975 4684
463 393 596 467 116

996 396 1073 464 C.
1125 390 1454 463 PLINII
1506 395 1716 463 NAT.
1768 394 2027 462 HIST.

455 555 578 598 nus
623 530 690 596 in
743 525 1085 620 triumpho
1149 526 1460 596 militibus
1507 553 1574 596 x.
1636 549 1737 596 vn
1793 525 1975 595 dedit
2000 515 2045 590 ⁴.
2108 528 2172 594 Ο
2227 527 2405 598 viros
2460 528 2572 598 illo

457 636 856 730 imperatore
895 632 1167 726 dignm,
1220 632 1458 726 quibus
1520 633 1652 714 hoc
1714 633 1869 702 satis
1921 627 2071 701 fuit!
2136 620 2395 701 Frater⁵
2434 635 2574 728 ejus

454 739 913 834 Allobrogicus
952 739 1201 832 primus
1241 740 1537 807 omnium
1584 737 1809 833 pondo
1848 736 2021 806 mille
2049 737 2305 808 habuit.
2346 743 2435 809 At
2464 743 2572 810 Li-

457 849 601 916 vius
633 849 896 914 Drusus
933 845 1002 912 in
1043 843 1381 912 tribunatu
1422 829 1707 938 plebis⁶,
1758 870 1823 912 x.
1874 845 2047 912 Nam
2079 858 2353 938 propter
2388 847 2576 939 quin·

454 977 582 1047 que
621 949 880 1046 pondo⁷
917 964 1220 1019 notatum
1282 974 1321 1018 a
1359 949 1741 1020 censoribus
1796 948 2261 1044 triumphalem
2305 975 2524 1021 senem
2552 1004 2571 1034 ,

533 1181 587 1239 4.
625 1174 894 1240 Africanus
937 1174 988 1223 in
1035 1171 1270 1241 triumpho
1309 1171 1476 1223 melin·-

453 1255 538 1310 bus
566 1253 643 1307 X.
675 1252 786 1305 VII
815 1251 962 1304 dedit.
1008 1249 1122 1303 Hoc
1158 1261 1266 1314 est,
1315 1247 1473 1302 dena-

454 1336 562 1388 rios
586 1344 818 1403 septem:
843 1341 1068 1384 moneta
1089 1328 1313 1401 gallice,
1339 1347 1472 1382 asses

453 1432 540 1467 sex
565 1425 618 1464 et
642 1411 1057 1483 quinquagenos.
1092 1409 1209 1461 Hoc
1232 1405 1464 1460 donativi

455 1491 674 1546 nomine
706 1489 961 1543 militibus
1006 1487 1224 1558 singulis
1266 1485 1468 1540 datum.

453 1573 726 1638 Quantum
747 1569 955 1622 intersit
969 1579 1127 1639 typos
1143 1567 1282 1618 inter
1301 1567 1468 1618 inter-

453 1651 665 1721 polatos
709 1667 740 1701 a
793 1645 1095 1702 semidoctis
1138 1644 1470 1709 hominibus,

454 1729 767 1798 codicesque
793 1725 1186 1796 integerrimos,
1217 1743 1351 1797 quos
1389 1743 1470 1777 se·

454 1808 605 1881 quuti
633 1824 813 1860 sumus
830 1845 845 1869 ‚
866 1805 923 1857 in
950 1805 1241 1875 primisque
1265 1804 1392 1873 neg.
1417 1821 1470 1866 ι,

458 1889 609 1956 cujus
635 1885 946 1955 scripturam
974 1882 1360 1954 religiosissime
1397 1901 1474 1933 re-

457 1977 830 2036 praesentamus
862 1960 1085 2015 totidem
1113 1960 1346 2031 apicibus
1372 1961 1474 2033 syl-

457 2045 694 2115 labisque
707 2082 724 2107 ‚
738 2041 1022 2114 legentium
1051 2053 1163 2093 esto
1186 2037 1474 2110 judicium.

460 2125 546 2178 Sic
585 2123 727 2176 enim
774 2121 886 2194 typi
930 2137 1138 2182 omnes,
1166 2144 1189 2166 a
1215 2117 1474 2191 Idemque

459 2222 624 2276 quum
693 2200 762 2255 de
840 2199 1015 2253 Poenis
1091 2198 1473 2268 triumpharet,

456 2295 643 2354 quater
680 2281 873 2335 millies
918 2297 1148 2333 ccccxxx
1185 2295 1247 2330 u.
1290 2275 1473 2349 pondo

457 2363 736 2417 transtulit.
761 2387 785 2410 n
813 2357 1138 2413 Incredibile
1178 2359 1368 2410 merito
1400 2359 1475 2410 vi·

459 2462 577 2496 sum
599 2439 658 2494 id
684 2441 748 2494 P.
776 2438 1058 2494 Ciacconio
1087 2449 1198 2502 est,
1224 2433 1293 2489 de
1317 2435 1474 2489 tricli-

457 2521 573 2590 nio,
591 2541 652 2594 p.
674 2538 774 2590 17:
809 2519 960 2570 ·Hoc
984 2516 1186 2588 argenti
1213 2528 1319 2568 tota
1347 2517 1474 2569 Car-

458 2601 621 2672 thago
652 2598 872 2662 habuit,
909 2597 998 2649 illa
1031 2609 1288 2650 terrarum
1318 2613 1475 2648 amu-

457 2679 540 2743 la,
580 2676 728 2751 quod
775 2695 918 2731 nunc
960 2675 1014 2728 iu
1063 2693 1358 2728 mensarum
1397 2687 1475 2727 est

459 2771 736 2830 apparatu.
765 2783 787 2806 ι
815 2755 1025 2810 Falsum
1046 2792 1063 2819 ,
1095 2755 1150 2806 in
1171 2755 1354 2808 serario
1380 2772 1474 2825 po-

461 2837 566 2892 tius
585 2837 706 2892 ruit.
726 2834 831 2891 sed
857 2835 957 2889 alia
974 2836 1132 2906 longe
1157 2847 1234 2887 est
1260 2835 1476 2906 scripto-

459 2919 534 2970 ris
581 2915 854 2972 sententia.
908 2940 930 2961 ιι
957 2915 1138 2967 Postea
1185 2913 1322 2966 victa
1360 2911 1474 2964 Nu—

461 2998 656 3052 mantia
691 3009 744 3048 et
773 2993 944 3046 deleta
965 2991 986 3056 (
1008 3012 1104 3046 cur
1134 3011 1261 3046 vero
1291 2991 1476 3044 extrita

462 3077 650 3130 vocula
669 3075 873 3148 quidem,
894 3091 1002 3126 non
1020 3083 1234 3143 apparet
1251 3063 1319 3139 P),
1335 3068 1477 3123 idem

461 3157 741 3210 Africanus
793 3153 850 3206 in
895 3152 1166 3223 triumpho
1219 3149 1478 3203 militibus

465 3235 625 3290 xv11
652 3233 815 3286 millia
845 3229 1026 3302 pondo
1047 3227 1213 3282 dedit.
1242 3254 1265 3276 a
1303 3229 1424 3281 Non
1447 3247 1476 3280 a

463 3329 648 3369 noun-o
689 3313 892 3377 solum,
935 3307 1028 3364 sed
1067 3323 1120 3363 et
1172 3327 1199 3360 a
1245 3307 1474 3362 Pintiani

463 3393 648 3450 codice
673 3393 866 3446 absunt
905 3409 980 3443 eae
1011 3407 1164 3442 voces
1193 3389 1344 3439 millia
1358 3407 1477 3458 pon-

463 3475 530 3528 do
549 3494 570 3528 .·
589 3490 690 3528 nec
708 3489 859 3536 vero,
881 3470 982 3521 nisi
1005 3468 1179 3521 absint
1193 3507 1209 3532 ‚
1230 3467 1474 3538 intelligo

464 3573 588 3626 quai
629 3552 696 3605 sit
748 3567 810 3602 ea
857 3548 1084 3600 militum
1125 3546 1469 3607 abstinentia,

463 3633 625 3705 digna
663 3629 751 3682 illa
788 3625 1187 3687 acclamatione,
1230 3642 1350 3696 quoe
1379 3637 1474 3676 sta-

463 3715 561 3767 tim
587 3709 850 3783 sequitur,
882 3705 926 3758 si
963 3716 1067 3757 tam
1105 3705 1251 3775 largo
1281 3703 1477 3757 fuerint

461 3792 711 3846 donativo
751 3781 1141 3858 compensandi.
1189 3781 1374 3834 Hui).
1398 3813 1476 3824 -—

461 3872 703 3925 Militibus
745 3867 826 3920 X.
878 3865 984 3918 VII
1029 3863 1177 3916 dedit.
1237 3861 1477 3915 Gronov.

461 3963 514 4004 et
565 3951 643 4002 Al.
697 3947 869 4001 XVI!
933 3944 1082 3997 millia
1141 3941 1346 4012 ponda·
1387 3939 1480 3993 Se-

461 4042 607 4103 ptem
650 4026 851 4081 denarii
897 4025 974 4078 illi
1006 4035 1128 4077 sunt
1169 4021 1330 4094 paulo
1361 4021 1482 4093 plus

1560 1187 1718 1242 quam
1747 1169 1946 1241 gallica
1970 1183 2193 1224 moneta
2211 1171 2362 1225 libras
2394 1172 2446 1226 ⁵.
2468 1173 2575 1226 En.

1641 1254 1692 1302 5.
1733 1249 1925 1302 Frater.
1967 1248 2069 1302 Cui
2125 1267 2187 1303 ex
2226 1251 2573 1322 Allobrogum

1558 1327 1777 1382 victoria
1812 1346 2007 1381 nomen
2038 1329 2188 1382 hesit
2214 1330 2535 1402 Allobrogici
2558 1371 2573 1395 ‚

1558 1405 1703 1480 quod
1735 1419 1789 1462 et
1827 1407 2037 1461 familiae
2071 1406 2265 1464 deinde
2288 1410 2387 1463 toti
2416 1411 2577 1464 haere-

1558 1485 1806 1540 ditarium
1826 1487 2061 1558 reliquit.
2081 1487 2167 1541 Sic
2189 1487 2366 1559 Magni
2386 1508 2575 1560 cogno·

1558 1584 1683 1618 men
1714 1567 1933 1619 Sextum
1959 1566 2275 1639 Pompeium
2298 1569 2479 1640 Magni
2507 1569 2566 1622 F.

1558 1644 1791 1716 aliosque
1832 1662 1893 1697 ex
1932 1647 2161 1700 nummis
2190 1647 2387 1701 scimus
2433 1667 2575 1703 accc*

1556 1725 1709 1796 pisse.
1736 1725 1917 1778 Hanc.

1640 1807 1694 1856 6.
1735 1805 1793 1856 In
1846 1803 2093 1856 tribunatu
2136 1807 2326 1876 plebis,
2357 1806 2434 1861 X.
2490 1809 2572 1861 Ita

1558 1883 1687 1952 Reg.
1756 1903 1807 1936 2.
1870 1882 1984 1935 Hoc
2036 1896 2141 1946 est,
2189 1884 2373 1938 decem
2423 1887 2571 1939 mille

1559 1960 1741 2032 pondo
1795 1962 2017 2033 argenti.
2073 1963 2227 2016 Prius
2272 1965 2575 2035 legebatur,

1560 2042 1650 2094 XI
1677 2043 1847 2094 millia.
1876 2041 2063 2094 Hsnn.

1641 2141 1695 2190 7.
1718 2123 1848 2176 Nam
1866 2133 2067 2192 propter
2091 2122 2293 2195 quinque
2307 2123 2487 2192 pondo.
2506 2125 2571 2176 In

1558 2201 1884 2270 supellectile
1934 2200 2095 2256 denas
2148 2219 2271 2255 eum
2330 2202 2575 2256 habuisse

1559 2278 1720 2332 libras
1740 2279 1941 2334 dictum
1966 2293 2045 2334 est
2071 2281 2331 2352 superius,
2352 2281 2541 2335 XVIII
2556 2321 2573 2347 ,

1564 2360 1617 2413 8.
1641 2359 1710 2412 Et
1738 2359 1962 2424 Gellius,
1987 2361 2091 2422 lv,
2120 2363 2187 2414 8:
2221 2387 2244 2409 ι
2263 2361 2575 2414 Cornelium

1560 2439 1819 2499 Rufinum
1839 2440 1922 2492 bis
1946 2440 2213 2493 consulem
2241 2453 2296 2492 et
2314 2439 2573 2494 dictatura

1560 2517 1800 2570 functum
1844 2535 2031 2570 censor
2072 2517 2345 2570 Fabricius
2390 2533 2572 2572 senatu

1560 2597 1729 2650 movit
1751 2636 1767 2660 ,
1812 2597 1883 2649 ob
1918 2595 2138 2649 luxuria
2167 2609 2387 2650 notam:
2424 2597 2571 2668 quod

1562 2674 1745 2728 decem
1782 2673 1963 2746 pondo
2006 2675 2163 2728 libras
2206 2676 2410 2745 argenti
2450 2677 2573 2730 facti

1561 2753 1829 2806 haberet.-
1858 2755 1928 2808 Et
1954 2755 2146 2819 xvn,
2179 2773 2244 2808 ar
2276 2773 2290 2807 ε
2330 2780 2355 2802 ι
2378 2755 2439 2808 C.
2474 2756 2571 2808 Fa·

1561 2832 1759 2887 bricius
1798 2833 2084 2896 Luscinus,
2126 2845 2180 2885 et
2214 2833 2285 2898 Q.
2330 2835 2577 2888 AEmilius

1562 2913 1775 2982 Rupus‚
1788 2929 2031 2965 censores
2054 2913 2236 2965 Rome
2252 2914 2467 2967 fuerunt
2484 2955 2501 2980 ,
2520 2927 2575 2968 et

1563 2993 1625 3046 P.
1652 2993 1813 3046 Corn.
1838 2991 2089 3046 Rufinum
2106 3027 2123 3056 ,
2147 2992 2239 3064 qui
2272 2993 2353 3046 bis
2384 2994 2575 3047 consul

1564 3083 1617 3124 et
1658 3070 1885 3126 dictator
1929 3072 2132 3136 fuerat,
2166 3084 2349 3125 senatu
2392 3091 2575 3127 move·

1564 3163 1725 3216 runt,
1750 3168 2065 3218 causamque
2089 3151 2174 3205 isti
2198 3165 2335 3204 notai
2352 3153 2575 3206 subscri-

1563 3243 1786 3301 pserunt
1818 3248 1831 3282 :
1864 3229 2007 3300 quod
2043 3249 2163 3282 eum
2194 3233 2577 3301 comperissent

1564 3309 1763 3380 argenti
1808 3309 1931 3362 facti
1974 3327 2135 3362 coenae
2184 3311 2345 3381 gratia
2393 3310 2571 3364 decem

1562 3387 1750 3457 pondo
1778 3389 1939 3441 libras
1982 3388 2196 3442 habere.
2233 3414 2257 3435 ι
2304 3389 2425 3442 Νοιι
2456 3390 2577 3460 plus

1561 3467 1754 3520 habere
1814 3467 2013 3521 scilicet
2033 3508 2048 3532 ‚
2098 3486 2255 3539 quam
2305 3469 2575 3541 quinque,

1562 3545 1730 3600 licuit.
1784 3548 2021 3618 Contigit
2061 3546 2119 3601 id
2162 3567 2286 3602 aun.
2328 3549 2399 3601 U.
2444 3551 2575 3617 478.

1561 3625 1703 3678 Vide
1731 3637 1786 3679 et
1812 3627 1931 3680 Val.
1961 3627 2101 3681 Max.
2131 3630 2206 3691 11,
2228 3647 2284 3697 9,
2310 3646 2364 3680 n.
2392 3635 2457 3693 43
2479 3628 2571 3679 Li·

1563 3705 1815 3776 viumque
1843 3707 1897 3758 in
1928 3707 2069 3778 Epit.
2094 3703 2247 3760 xlv.‘
2284 3707 2465 3762 Hanc.
2498 3737 2577 3748 —·-

1564 3783 1857 3837 Fabulam
1902 3788 2006 3855 jam
2058 3788 2268 3838 videtur.
2313 3788 2579 3857 Εἰρωνικῶς

1564 3861 1825 3936 loquitur.
1853 3865 1917 3916 In
1948 3877 2089 3918 tanta
2126 3884 2333 3918 morum
2371 3879 2583 3918 nostro-

1566 3961 1687 3995 rum
1713 3944 1923 3998 luxuria
1943 3981 1959 4008 ,
1992 3963 2149 3997 nemo
2172 3957 2249 3998 est
2272 3945 2365 4016 qui
2392 3964 2578 3999 verum

1570 4021 1750 4076 credat
1762 4062 1777 4088 ‚
1802 4036 1892 4077 aut
1904 4021 2185 4076 credidisse
2197 4021 2458 4078 videatur.
2473 4025 2577 4078 En.
