2975 4684
1048 376 1107 441 1
1119 375 1357 443 IBER
1411 374 1732 443 XXXV.
2315 370 2476 477 421⁸

453 511 637 578 LIII.
694 509 797 577 Ab
837 508 939 577 his
982 532 1103 601 per
1139 532 1207 575 se
1247 507 1465 575 omnia
1487 503 1635 573 ¹ad
1674 500 2026 571 medicinas
2069 502 2460 629 peitinentia
2501 526 2524 559 1

349 631 537 684 terrae
579 638 819 708 genera
838 610 1331 681 'tractabimus
1368 600 1574 703 (xvx.)
1619 609 1852 677 Samiae
1891 606 2037 675 duze
2071 592 2255 673 sunt⁸
2262 659 2281 692 ,
2315 630 2462 698 quae

694 706 719 750 4

348 719 742 849 collyrium,

768 734 835 787 et
850 744 995 814 quae
1018 732 1189 787 aster
1212 716 1645 812 appellantur.
1671 714 1914 781 Prioris
1939 711 2109 797 laus,
2133 724 2209 778 ut
2233 736 2462 779 recens

348 812 459 895 sit⁵
503 840 571 895 et
612 824 808 909 levis,
844 823 1209 919 linguaeque
1248 822 1610 917 glutinosa.
1644 818 1846 888 altera
1885 802 2272 911 glebosior⁶‚
2307 841 2461 886 can·

349 930 551 999 dida:
596 946 877 1024 utraque
929 931 1177 1014 uritur,
1229 954 1306 997 ac
1353 924 1671 996 lavatur7.
1727 926 1896 993 Sunt
1945 924 2056 1053 qui
2111 922 2528 1017 praeferant

348 1037 655 1130 priorem.
706 1038 993 1105 Prosunt
1040 1036 1425 1129 sanguinem
1474 1014 2026 1126 exspuentibus&
2068 1027 2463 1123 emplastris·

426 1227 573 1281 LIII.
604 1246 655 1281 1.
682 1228 769 1281 Ab
799 1229 871 1281 his
886 1248 977 1299 per
1004 1249 1054 1279 so
1072 1232 1247 1279 omnia.
1274 1228 1361 1280 Sic

348 1321 402 1360 et
426 1307 554 1362 edit.
577 1308 841 1378 princeps.
870 1308 1015 1359 Brot.
1037 1326 1102 1359 ex
1130 1308 1288 1377 Regg.
1312 1328 1365 1371 2,

350 1387 382 1439 3
403 1426 419 1452 ,
444 1386 473 1439 5
496 1426 510 1449 ‚
545 1386 607 1437 ab
634 1388 707 1437 his
719 1406 859 1455 poene
880 1389 1037 1437 omnia
1056 1406 1077 1447 ,-
1099 1402 1199 1436 nec
1219 1385 1359 1436 enim

346 1484 531 1518 omnes
556 1466 647 1517 hic
679 1464 882 1516 Plinius
912 1476 1151 1516 recenset
1196 1463 1367 1515 medi-

349 1562 435 1597 cas
460 1556 651 1608 terras,
678 1544 951 1595 Lemniam
970 1580 985 1607 ,
1014 1542 1365 1605 Melitensem,

347 1624 656 1686 Armenam,
689 1633 788 1673 etc.
824 1622 927 1673 En.

433 1719 460 1752 τι
474 1738 485 1751 .
539 1702 705 1752 Terroe
732 1719 927 1768 genem.
960 1698 1139 1751 Terrae
1182 1716 1365 1753 omnes

350 1780 452 1833 illo
476 1780 765 1849 argillacen
789 1769 1032 1846 (silicates
1054 1775 1364 1842 aluminata),

349 1876 468 1911 cum
503 1858 647 1911 silice
685 1858 866 1909 aliisve
908 1856 1249 1909 mineralibus
1274 1868 1364 1909 aut

347 1956 525 1991 seeum
564 1939 789 1990 invicem
854 1936 1179 1999 commitem,
1230 1954 1361 2003 qua·

346 2034 468 2069 rum
516 2017 639 2070 usu's
680 2015 839 2067 hodie
874 2016 930 2067 in
961 2014 1119 2066 variis
1162 2015 1365 2067 artibus

346 2096 623 2167 frequem,
647 2094 737 2149 sed
758 2095 813 2147 in
837 2092 1096 2147 medicina
1116 2093 1227 2147 fere
1245 2094 1366 2145 nul-

346 2175 447 2227 lus.
480 2177 587 2229 En.

431 2254 483 2307 3.
506 2254 685 2306 Samia.-
714 2255 825 2306 deeoe
854 2265 981 2304 sunt.
1005 2252 1214 2305 Genera
1253 2253 1365 2305 haec

350 2333 529 2385 omnia
554 2346 811 2386 terrarum
828 2332 985 2397 ,olim
1014 2332 1069 2383 iu
1092 2330 1368 2384 medicina

351 2428 450 2465 usu
476 2412 789 2483 frequentia,
812 2430 955 2463 nunc
981 2411 1253 2463 exolevere
1274 2430 1364 2481 pe·

350 2489 523 2554 nitus,
555 2509 730 2560 neque
770 2491 1112 2560 perferuntur
1140 2488 1209 2543 ad
1248 2504 1361 2541 nos.

351 2568 493 2621 Vide
522 2570 784 2623 Matthiol.
810 2570 865 2621 in
900 2569 1137 2621 Dioscor.
1170 2568 1266 2621 lib.
1292 2568 1364 2631 V,

351 2666 467 2718 oep.
521 2651 625 2719 137
653 2672 669 2713 3
705 2646 1029 2701 Aldrovand.
1059 2646 1125 2699 de
1164 2648 1363 2699 Metall.
1390 2635 1401 2645 ⁸

350 2726 446 2779 lib.
473 2729 560 2791 Π,
590 2748 639 2782 c.
660 2730 693 2781 8
712 2766 727 2789 ‚
750 2747 807 2797 p.
835 2728 959 2788 248.
984 2726 1220 2786 H‚-Cf.
1237 2725 1365 2778 item

354 2804 611 2858 Toumef.
635 2819 767 2859 tom.
789 2805 817 2856 1
832 2842 849 2867 ,
872 2823 993 2874 pag.
1025 2822 1048 2856 1
1066 2824 1087 2857 ι
1104 2826 1155 2857 2.
1180 2804 1283 2855 En.

442 2889 493 2946 4.
540 2885 665 2952 Quoe
706 2884 971 2954 collyrium.
1011 2883 1097 2935 Sic
1136 2884 1264 2952 Reg-
1296 2902 1325 2935 2
1347 2923 1364 2946 ,

357 2962 513 3015 Colb.
544 2962 605 3026 3,
630 2961 841 3031 aliique.
878 2960 965 3013 Sic
991 2961 1294 3025 Pintianun,
1319 2974 1372 3013 et

356 3041 445 3095 alii
469 3052 587 3093 ante
614 3059 755 3093 eum.
775 3040 843 3091 Et
859 3038 1004 3109 quod
1034 3040 1369 3110 potissimum

356 3120 568 3174 videtur
585 3159 601 3185 ,
627 3118 965 3173 Dioscorides
983 3120 1098 3189 ipse
1124 3134 1369 3191 quoque,

354 3200 449 3254 lib.
478 3201 551 3264 V,
578 3218 696 3270 cap.
734 3216 837 3267 ¹7²
861 3236 877 3263 ,
917 3198 1008 3269 qui
1036 3197 1145 3250 duo
1172 3199 1372 3269 pariter

352 3297 545 3352 genera
574 3277 761 3333 Samiae
778 3290 930 3330 terra
954 3279 1216 3349 agnoscit3
1244 3279 1373 3331 alte-

354 3378 473 3413 rum
503 3356 647 3429 quod
673 3359 935 3427 κολλὺριον,
973 3358 1196 3411 alterum
1224 3355 1368 3428 quod

356 3438 511 3507 ἀστὴρ
542 3438 855 3509 appelletur.
887 3435 1250 3489 Dioscoridem
1268 3474 1283 3498 ,
1311 3448 1370 3487 ut

354 3518 511 3579 nolet,
537 3516 779 3587 sequitur
791 3516 1081 3581 Oribasius,
1100 3516 1193 3569 lib.
1216 3516 1371 3580 XIII,

354 3616 473 3667 pag.
502 3615 569 3649 πα
581 3601 635 3649 6.
657 3595 829 3648 Priori
848 3596 1027 3665 generi
1046 3594 1257 3667 collyrii
1268 3613 1367 3647 no-

358 3694 479 3729 men
503 3674 732 3728 inditum
762 3686 1011 3744 putamus
1028 3714 1045 3739 ,
1069 3672 1216 3745 quod
1243 3692 1369 3727 ocu-

356 3754 527 3807 lorum
544 3752 941 3807 medicamentis
954 3752 1375 3823 adderetur-,qua

359 3834 576 3903 collyria
618 3833 934 3887 vocitentur.
964 3834 1281 3905 Quanquam
1324 3846 1375 3887 et

363 3928 473 3963 enm
516 3912 693 3965 dotem
724 3913 774 3963 ei
820 3932 938 3967 cum
987 3924 1156 3965 asten-e
1198 3911 1375 3965 Samio

364 3988 693 4044 communem
739 4010 849 4045 esse
870 4029 887 4055 ,
936 4010 1044 4045 non
1094 4010 1157 4045 ex
1203 3992 1375 4047 Plinio

1451 1224 1643 1291 modo,
1682 1242 1866 1278 verum
1913 1223 2072 1275 etiam
2121 1241 2184 1274 ex
2214 1223 2467 1275 Marcello

1452 1304 1729 1375 Empirico
1761 1302 2010 1355 discimus
2025 1340 2042 1366 ,
2064 1320 2179 1371 cap.
2205 1320 2328 1365 un,
2347 1320 2467 1373 pag.

1456 1383 1550 1449 52,
1565 1384 1655 1435 ubi
1675 1383 1960 1455 collyrium
1989 1380 2272 1433 concinnat
2291 1381 2347 1431 in
2366 1382 2472 1450 pri-

1453 1464 1556 1514 mis
1581 1486 1601 1507 u
1617 1482 1678 1514 ex
1705 1475 1844 1514 terra
1871 1459 2044 1513 Samia
2061 1499 2078 1525 ,
2116 1478 2272 1530 quam
2306 1472 2471 1513 astera

1451 1554 1664 1593 vocant.
1691 1566 1713 1587 ι
1745 1540 1924 1592 Ημω.

1537 1620 1590 1673 5.
1619 1622 1802 1671 Prior-is
1821 1620 1926 1670 laus
1947 1657 1960 1681 ,
1991 1629 2047 1669 ut
2073 1636 2231 1668 recens
2251 1622 2318 1668 sit
2331 1656 2348 1679 ,
2372 1628 2470 1670 ete.

1453 1698 1755 1751 Dioscorid.
1802 1699 1895 1749 lib.
1937 1698 2011 1760 V,
2044 1715 2162 1766 cap.
2199 1714 2306 1765 ¹7²
2333 1716 2344 1747 ε
2371 1702 2469 1758 Τῆς

1451 1774 1512 1830 δἹ
1533 1779 1730 1847 Σαμίας
1755 1782 1844 1847 γῆς
1873 1784 1960 1833 τὴν
1991 1776 2115 1845 ἄγαν
2145 1777 2317 1833 λευκὴν
2357 1795 2474 1845 προ-

1451 1860 1633 1927 κριτίον
1653 1894 1669 1921 ,
1699 1857 1781 1909 καὶ
1823 1854 2027 1925 ἐλαφρὰν
2048 1890 2064 1916 ,
2094 1854 2178 1907 καὶ
2219 1857 2265 1905 ἐν
2300 1862 2368 1923 τῷ
2400 1858 2472 1907 Oi·

1448 1955 1550 2005 γειν
1597 1938 1684 1993 τὴν
1723 1944 1950 2005 γλῶτταν
1997 1934 2324 2003 apat-euphonia
2366 1936 2473 2001 ἔχε·

1449 2016 1646 2076 κᾶλλως.
1673 2055 1687 2067 .
1707 2056 1720 2067 .
1745 2015 1820 2067 οἵα
1849 2014 1982 2065 ἐστὶν
2005 2013 2062 2069 ἦν
2085 2032 2210 2071 τινες
2230 2012 2468 2081 κολλύριον

1449 2098 1696 2147 καλοῦσιν.
1733 2119 1756 2142 «
1781 2094 1849 2145 Et
1880 2092 2054 2145 samia
2089 2104 2226 2143 terra
2252 2090 2471 2159 pra-fer·

1450 2186 1539 2226 tur
1564 2192 1623 2225 ea
1651 2192 1770 2243 quae
1799 2174 2028 2224 maxime
2055 2167 2301 2233 candida,
2321 2170 2470 2227 levis,

1451 2252 1763 2321 et·tangenti
1810 2251 2008 2321 lingum
2051 2248 2267 2319 glutinis
2309 2245 2470 2300 modo

1449 2330 1870 2391 adhaerescens...
1888 2326 2188 2400 cujusmodi
2215 2341 2292 2379 est
2310 2345 2470 2396 quam

1451 2411 1614 2481 aliqui
1636 2410 1918 2481 collyrium
1944 2419 2186 2472 vocant.»
2216 2404 2471 2458 Totidem

1450 2487 1509 2540 id
1540 2488 1739 2558 pariter
1779 2487 1951 2539 vei-his
1989 2486 2198 2537 Oribas.
2249 2485 2470 2547 Collect.

1451 2568 1618 2630 XIII,
1647 2584 1700 2636 p.
1728 2570 1858 2621 226.
1883 2556 1952 2617 H'.
1973 2596 2056 2607 --
2076 2564 2149 2616 Et
2171 2566 2300 2616 levis.
2324 2564 2468 2616 Brot.

1451 2664 1516 2699 ex
1545 2645 1704 2697 MSS.
1735 2646 1898 2715 Regg.
1951 2663 1978 2696 2
2025 2655 2080 2697 et
2113 2645 2176 2703 3,
2210 2655 2260 2695 et
2288 2644 2471 2697 lenissi-

1450 2744 1546 2777 ma.
1576 2726 1680 2777 En.

1535 2808 1587 2857 6.
1620 2804 1796 2856 Altera
1825 2802 2080 2871 glebosior.
2121 2801 2278 2855 Aster
2311 2802 2470 2853 nimi-

1452 2901 1574 2935 rum
1606 2882 1780 2934 Diosc.
1807 2881 1910 2945 loc.
1942 2880 2082 2932 citat.
2109 2872 2154 2934 ὁ
2181 2882 2470 2945 καλούμενος

1456 2962 1614 3031 ἀστὴρ
1632 3001 1648 3025 ,
1678 2955 1948 3023 πλακώδης
1971 2958 2034 3011 ὣν
2058 2960 2141 3012 καὶ
2165 2962 2340 3020 πυκνὸς
2357 2997 2373 3023 ,
2405 2961 2470 3019 ὡς

1457 3042 1624 3097 ἀκόνη.
1655 3040 1914 3093 -Glehosa
1934 3051 1985 3091 et
1999 3037 2158 3091 densa
2176 3039 2232 3090 in
2250 3037 2468 3091 modum

1456 3119 1640 3173 cotis,-
1668 3118 2029 3172 Vehementer
2049 3118 2365 3171 hallucinari
2382 3136 2471 3169 eos

1457 3200 1548 3270 qui
1588 3211 1808 3251 astet-em
1856 3198 2042 3249 volunt
2081 3216 2189 3249 cese
2237 3198 2471 3259 taicum,

1458 3277 1616 3331 docet
1635 3274 1960 3330 Aldrovand.
1989 3274 2055 3328 de
2083 3277 2281 3330 Metall.
2303 3276 2470 3335 lib.v‚

1455 3376 1572 3428 cap.
1606 3356 1698 3419 34,
1722 3376 1842 3427 pag.
1866 3357 1976 3409 686
1992 3393 2008 3419 ‚
2031 3356 2304 3426 multoque
2323 3372 2472 3407 accu-

1454 3437 1620 3490 ratius
1665 3436 1866 3489 Caesius
1908 3447 2089 3487 noster
2113 3475 2126 3501 ‚
2165 3434 2232 3487 de
2275 3434 2468 3485 Miner.

1456 3517 1549 3569 lib.
1577 3517 1662 3579 11,
1695 3534 1808 3586 cap.
1841 3519 1903 3579 6,
1936 3533 2052 3585 pag.
2090 3516 2217 3575 148.
2249 3510 2430 3563 Ham).

1541 3616 1593 3666 7.
1652 3596 1864 3666 Utraque
1909 3598 2064 3645 uritur
2093 3632 2106 3654 ,
2155 3610 2212 3641 ac
2264 3590 2470 3640 lavatur.

1456 3675 1633 3729 Diosc.
1660 3676 1762 3727 loc.
1795 3676 1882 3727 cit.
1913 3674 2094 3724 Remi.

1543 3758 1598 3809 8.
1617 3756 1826 3806 Prosunt
1840 3754 2116 3819 sanguinem
2130 3744 2472 3814 exspuentibus.

1463 3832 1764 3887 Dioscorid.
1791 3834 1894 3885 loc.
1922 3828 2012 3880 cit.
2043 3825 2252 3887 Aetius,
2275 3825 2368 3877 lib.
2395 3825 2475 3887 11,

1462 3932 1581 3983 cap.
1609 3916 1670 3977 6,
1691 3932 1750 3982 p.
1780 3918 1872 3979 49,
1901 3920 1951 3960 et
1972 3904 2181 3958 Oribas.
2204 3904 2298 3956 lib.
2321 3904 2478 3967 XIII,

1463 4012 1517 4062 p.
1547 3993 1672 4045 225.
1702 3992 1882 4043 Ham).

2113 4078 2234 4177 27³
