2975 4684
1102 371 1409 437 LIBER
1458 371 1674 437 XXX
1693 370 1772 435 V.

2359 372 2495 463 427

388 488 629 570 hlium⁵
676 503 953 569 mimicae
988 524 1197 571 scenae
1231 500 1678 587 conditorem,
1714 517 1780 569 et
1824 486 2230 593 astrologiae⁶
2271 524 2502 570 conso-

388 608 647 675 brinum
723 608 861 700 ejus
924 606 1269 677 Manilium
1334 608 1736 677 Antiochum
1761 660 1779 693 ,
1843 606 1996 674 item
2055 609 2498 699 grammaticae

384 713 751 782 Staberium
770 713 792 751 ⁷
820 716 1091 782 Erotem
1111 766 1127 793 ,
1158 714 1383 782 eadem
1418 738 1589 782 nave
1617 714 1926 781 advectos
1951 698 2213 780 videre⁸
2245 714 2493 807 proavi.

386 811 649 909 (xvm.)
677 818 804 887 Sed
822 820 979 912 quid
1002 820 1129 890 hos
1153 820 1366 888 refero
1398 818 1618 913 aliquo
1650 818 2013 887 litterarum
2042 818 2298 887 honore
2325 843 2496 889 com·
2534 853 2560 884 ο

385 922 769 993 mendatos?
790 923 1013 993 Talem
1036 927 1102 993 in
1120 940 1367 995 catasta
1383 924 1409 963 ⁹
1446 926 1670 995 videre
1698 922 2259 1017 Chrysogonum¹⁰
2283 923 2496 1018 Syllae,

384 1029 824 1123 Amphionem
869 1032 953 1119 Q.
988 1030 1291 1111 Catuli‘¹‚
1348 1035 1683 1101 Heronem
1740 1033 1816 1099 L.
1855 1028 2114 1099 Luculli
2135 1028 2207 1117 ¹²,
2247 1032 2496 1099 Deme·-

470 1222 518 1275 5.
554 1222 795 1276 Publium.
825 1224 961 1289 Quis
985 1225 1147 1277 fuerit
1176 1225 1263 1279 hic
1290 1224 1395 1277 Pu-

390 1301 554 1364 blius,
582 1301 757 1355 adhuc
787 1302 1171 1372 inexploratum
1194 1321 1399 1373 :neque

384 1382 527 1431 enim
554 1382 717 1452 Syrus
744 1382 836 1433 ille
864 1382 1263 1451 mimographus
1293 1400 1401 1434 esse

386 1471 559 1529 potest
574 1499 589 1524 ‚
616 1460 709 1529 qui
730 1462 1057 1530 temporibus
1078 1461 1301 1531 Augusti
1320 1461 1402 1513 in·

384 1537 601 1589 claruit:
618 1556 775 1607 quem
791 1557 901 1589 non
922 1538 1083 1591 modo
1102 1540 1261 1593 Plinii
1278 1558 1403 1610 pro-

386 1634 514 1667 avus
540 1614 753 1679 videre,
801 1614 893 1669 sed
926 1630 978 1670 et
1022 1630 1172 1687 pater
1202 1619 1399 1688 potuit.

388 1695 442 1745 in
472 1696 601 1764 Reg.
634 1715 663 1747 2
695 1693 816 1748 cod.
863 1696 1088 1747 Publium
1134 1696 1363 1749 Locliium
1381 1737 1397 1760 ‚

385 1772 451 1824 In
480 1774 714 1826 Colbert.
748 1774 809 1835 3,
837 1776 900 1827 Ρ.
932 1777 1167 1827 Lucilium
1190 1777 1399 1847 legitur.

388 1852 567 1904 Hsno.
591 1882 671 1891 —-
689 1854 837 1905 Brot.
870 1872 933 1907 ex
960 1856 1118 1924 Regg.
1142 1854 1298 1908 codd.
1334 1854 1365 1906 3
1386 1894 1403 1919 ,

389 1932 419 1981 5
439 1967 455 1992 ,
484 1932 707 1982 Publium
731 1933 965 1983 Lucillum
980 1954 1001 1995 ,·
1027 1934 1160 1985 forte
1184 1934 1402 1985 Publius

384 2009 551 2079 Syrus
580 2011 1008 2082 mimographus,
1029 2014 1177 2082 cujus
1202 2024 1403 2065 exstant

382 2090 672 2143 sententiae.
699 2090 804 2142 En.

465 2172 519 2219 6.
552 2170 627 2219 Et
674 2171 969 2239 astrologice.
1012 2169 1363 2241 Subintellige
1385 2210 1400 2235 ‚

384 2244 731 2301 conditorem.
763 2248 903 2301 Cave
927 2261 1103 2301 tamen
1136 2249 1401 2301 existimes

385 2345 505 2377 eum
520 2344 629 2377 esse
645 2363 661 2391 ,
678 2329 829 2397 cujus
849 2328 1257 2381 Astronomicon
1276 2328 1401 2380 libri

384 2417 612 2456 exstant:
628 2423 792 2474 quum
806 2406 849 2457 is
865 2425 1021 2477 quem
1040 2406 1245 2459 Plinius
1256 2425 1402 2460 nunc

386 2484 613 2553 appellat
628 2521 644 2547 ,
666 2483 837 2537 multo
861 2486 926 2537 sit
950 2487 1221 2551 vetustior,
1245 2486 1403 2557 quip-

383 2580 453 2631 pe
478 2562 569 2632 qui
595 2563 749 2615 Plinii
783 2576 989 2616 tantum
1014 2566 1225 2635 proavis
1247 2576 1403 2617 notus

384 2640 568 2704 fuerit,
610 2660 671 2695 ac
696 2641 837 2695 bello
880 2642 1082 2697 Punico
1114 2644 1301 2708 tertio,
1342 2654 1403 2697 ut

387 2735 510 2771 mox
531 2718 783 2773 dicemus.
811 2720 914 2774 Sed
942 2735 992 2774 et
1012 2734 1285 2775 externum
1306 2720 1405 2772 ho-

388 2796 587 2848 minem
612 2798 757 2849 hunc
800 2799 982 2857 fuisse,
1011 2801 1184 2869 ipsum
1210 2798 1405 2851 Antio-

388 2874 473 2925 chi
502 2892 697 2927 nomen
727 2872 974 2929 declarat.
998 2876 1405 2929 H.—Manilium

388 2952 697 3005 Antiocluan.
726 2953 896 3025 Hujus
918 2955 1125 3009 Manilii
1142 2956 1403 3009 Antiochi

386 3032 529 3084 filius
556 3032 685 3083 mihi
717 3032 925 3086 videtur
952 3035 1109 3087 fuisse
1136 3034 1211 3087 Μ.
1231 3035 1403 3105 Mani-

385 3110 489 3163 lius
510 3111 601 3181 qui
621 3130 833 3164 carmen
858 3114 1069 3183 scripsit
1092 3114 1403 3167 astronomi-

387 3208 540 3255 cum;
570 3189 807 3261 illudque
837 3206 957 3262 post
986 3194 1270 3247 Varianam
1296 3194 1403 3247 cla-

384 3268 506 3323 dem
536 3270 773 3339 Augusto
802 3270 1085 3344 inscripsit.
1115 3274 1279 3325 Baor.

464 3368 519 3417 7.
551 3348 839 3401 Staberium.
874 3352 961 3404 Sic
991 3352 1140 3405 MSS.
1178 3370 1360 3404 omnes
1384 3392 1399 3417 ,

384 3445 492 3478 non
524 3428 797 3483 Tuber-ium.
820 3430 1040 3483 Sueton.
1064 3429 1133 3482 de
1156 3430 1399 3483 illustrib.

384 3504 619 3559 Gramm.
652 3504 717 3559 13
741 3526 754 3559 :
776 3510 1052 3563 ·Laberius
1073 3509 1230 3561 Hiera
1254 3502 1402 3581 (lege

384 3603 447 3635 ex
484 3586 690 3651 Plinio,
731 3584 980 3640 Stabat-ius
1010 3585 1169 3651 Eros)
1190 3608 1287 3641 suo
1305 3588 1401 3641 he-

384 3682 445 3713 ro
476 3677 687 3735 emptus
726 3664 793 3718 de
840 3679 1025 3721 catasta
1044 3706 1061 3732 ,
1098 3680 1151 3720 et
1182 3680 1402 3738 propter

384 3741 673 3796 litterarum
722 3744 954 3798 studium
1013 3748 1363 3800 manumissus
1388 3787 1403 3813 ,

386 3818 565 3874 docuit
584 3822 724 3875 inter
741 3836 954 3878 cataros
972 3827 1193 3879 Brutum
1216 3838 1267 3879 et
1285 3828 1404 3879 Cas·

388 3898 540 3952 sium.
568 3900 703 3954 Sunt
728 3903 820 3974 qui
870 3904 1079 3958 tradant
1108 3916 1249 3957 tama
1280 3924 1399 3957 eum

388 3974 652 4033 honestate
668 3980 976 4050 praeditum,
994 3996 1052 4037 ut
1072 3985 1403 4054 temporibus

1482 1225 1710 1295 Syllanis
1733 1223 2150 1293 proscriptorum
2172 1222 2366 1277 liberos
2384 1244 2500 1295 gra.

1485 1305 1581 1364 tis,
1613 1316 1665 1355 et
1700 1304 1811 1355 sine
1840 1299 2080 1353 mercede
2107 1301 2214 1353 ulla
2255 1302 2310 1354 in
2344 1301 2500 1356 disci-

1484 1382 1686 1452 plinam
1715 1381 1994 1451 receperit.
2021 1406 2042 1426 ι
2081 1380 2264 1432 Ham).

1569 1464 1623 1515 8.
1669 1461 1858 1512 Eadem
1905 1478 2025 1511 naon
2073 1458 2290 1511 advectos
2337 1460 2506 1512 vi'clere

1478 1543 1666 1610 proavi.
1699 1538 1837 1592 Hinc
1881 1556 2066 1591 eorum
2112 1538 2350 1591 omnium
2383 1550 2504 1593 aetas

1486 1618 1819 1688 intelligitur,
1837 1618 1892 1669 in
1926 1630 2132 1687 tempus
2154 1617 2264 1669 fere
2287 1616 2504 1670 devictae

1486 1696 1813 1767 Carthaginis
1833 1694 2104 1756 incidisse,
2129 1696 2232 1748 hoc
2259 1709 2360 1757 est,
2385 1708 2504 1749 ante

1486 1796 1652 1829 annos
1673 1776 1883 1829 circiter
1911 1794 2018 1827 220
2043 1793 2204 1844 quam
2235 1775 2347 1827 haec
2372 1775 2502 1828 scri·

1483 1856 1633 1907 heret
1663 1854 1896 1907 Plinius:
1923 1854 2017 1923 qui
2045 1853 2141 1906 lib.
2169 1872 2276 1924 seq.
2299 1872 2414 1925 cap.
2449 1862 2502 1919 4,

1485 1952 1515 1985 a
1541 1946 1732 2003 nepote
1753 1931 1820 1985 ad
1852 1950 2108 2003 proavum
2132 1950 2198 1983 1.x
2226 1932 2503 2004 Olympia-

1483 2011 1577 2063 das
1603 2024 1864 2063 numerat.
1897 2010 1964 2062 Η.
1993 2041 2075 2053 -
2113 2011 2288 2063 Videre
2311 2016 2500 2080 proavi.

1484 2092 1640 2143 Circa
1691 2090 1907 2143 Sullana
1959 2101 2198 2158 tempora
2219 2108 2234 2154 3
2282 2090 2500 2142 minime

1483 2188 1611 2221 vero
1639 2170 1779 2221 bello
1811 2168 2012 2221 Punico
2039 2168 2224 2233 tertio,
2243 2182 2304 2221 ut
2333 2170 2503 2221 voluit

1484 2246 1648 2301 Hard.
1667 2266 1825 2319 quem
1850 2258 2100 2319 sequutus
2119 2260 2196 2300 est
2219 2247 2500 2299 Bentleius.

1486 2327 1591 2379 Sed
1617 2328 1730 2380 haec
1762 2328 1815 2378 in
1839 2340 2023 2379 nostra
2053 2338 2302 2379 notarum
2331 2327 2504 2379 brevi-

1484 2418 1590 2460 tate
1609 2406 1776 2459 fusius
1793 2425 1904 2458 non
1925 2404 2051 2457 licet
2069 2404 2500 2476 persequi.Bno·r.

1567 2504 1619 2552 9.
1642 2486 1808 2536 Talem
1831 2489 1880 2535 in
1903 2494 2108 2535 catasta.
2133 2486 2336 2538 catasta
2360 2484 2505 2535 locus

1486 2563 1612 2627 fuit,
1631 2562 1686 2614 in
1706 2582 1814 2633 quo
1831 2564 1968 2615 servi
1985 2564 2209 2625 venales,
2231 2581 2504 2634 gypsoque

1485 2641 1572 2693 vel
1616 2654 1755 2693 creta
1799 2642 2000 2706 notati,
2040 2642 2470 2695 custodiebantur
2491 2682 2506 2707 ,

1488 2732 1541 2773 et
1565 2718 1860 2772 venditioni
1905 2722 2327 2789 exponebantur.
2361 2720 2502 2773 Vide

1487 2799 1818 2852 Thesaurum
1845 2797 2064 2869 Linguae
2089 2798 2302 2853 Latinae.
2330 2798 2398 2853 H.
2425 2828 2503 2841 -—

1487 2880 1551 2930 In
1581 2889 1788 2929 catasta.
1821 2878 2012 2947 Pegma
2037 2878 2137 2930 fuit
2163 2879 2424 2949 ligneum,
2447 2878 2501 2930 in

1488 2976 1594 3027 quo
1637 2956 1772 3007 servi
1823 2957 2031 3009 venales
2083 2959 2500 3027 exponebantur.

1486 3037 1644 3089 Teste
1673 3036 1814 3087 enim
1856 3036 2141 3088 Scholiaste
2174 3037 2366 3101 Persii,
2397 3038 2502 3089 Sat.

1491 3116 1601 3179 VI,
1639 3132 1732 3183 77,
1785 3140 1806 3162 ι
1835 3113 1976 3184 apud
2013 3115 2258 3187 antiquos
2296 3117 2504 3169 venales

1486 3192 1797 3265 gladiatores
1825 3194 1878 3244 in
1913 3206 2103 3247 catasta
2146 3196 2500 3265 ponebantur,

1487 3285 1546 3325 ut
1571 3273 1626 3325 in
1646 3273 1720 3325 eis
1737 3282 1948 3342 possent
1969 3272 2147 3326 omnia
2173 3276 2407 3328 membra
2431 3274 2506 3325 iu-

1491 3352 1637 3422 spici.
1659 3378 1680 3397 2·
1717 3352 1884 3404 Bno‘r.

1577 3451 1659 3484 xo.
1691 3432 2046 3503 Chrysogonum
2065 3430 2235 3505 Syllae.
2259 3432 2414 3501 Sylla,
2438 3430 2500 3480 li·

1488 3510 1698 3563 hortum
1715 3550 1731 3576 ,
1759 3524 2008 3563 sectorem
2033 3512 2207 3563 Roscii
2234 3508 2502 3571 Amerini,

1489 3604 1546 3642 ut
1572 3603 1649 3642 est
1675 3589 1819 3661 apud
1851 3589 2086 3642 Tullium
2104 3630 2117 3653 ,
2145 3590 2200 3640 in
2229 3598 2360 3639 orat.
2399 3604 2498 3657 pro

1487 3669 1704 3722 Roscio,
1730 3670 1907 3722 nmo.

1577 3766 1599 3799 1
1615 3768 1638 3801 1
1651 3788 1665 3801 .
1689 3748 1871 3801 Catuli.
1890 3748 1958 3811 Q.
1974 3743 2169 3796 Lutatii
2189 3742 2388 3806 Catuli,
2409 3745 2500 3811 qui

1488 3840 1614 3897 post
1635 3827 1794 3897 Syllae
1813 3826 2018 3878 obitum
2035 3860 2050 3885 ,
2073 3821 2394 3891 Capitolium
2419 3820 2503 3875 de-

1488 3906 1703 3958 dicavit.
1735 3905 1949 3974 Egimus
1970 3900 2038 3953 de
2066 3919 2130 3951 eo
2157 3900 2361 3970 sapius.
2381 3901 2459 3952 H.

1576 4004 1663 4038 η.
1710 3984 1773 4036 L.
1795 3982 2007 4035 Luculli.
2043 3980 2168 4049 Ejus
2197 3980 2287 4045 qui
2318 3993 2499 4033 contra
