<?xml version="1.0" encoding="UTF-8"?>
<!DOCTYPE html PUBLIC "-//W3C//DTD XHTML 1.0 Transitional//EN"
    "http://www.w3.org/TR/xhtml1/DTD/xhtml1-transitional.dtd">
<html xmlns="http://www.w3.org/1999/xhtml" xml:lang="en" lang="en">
 <head>
  <title>
</title>
<meta http-equiv="Content-Type" content="text/html;charset=utf-8" />
  <meta name='ocr-system' content='tesseract 3.04.00' />
  <meta name='ocr-capabilities' content='ocr_page ocr_carea ocr_par ocr_line ocrx_word'/>
</head>
<body>
  <div class='ocr_page' id='page_1' title='image "./historinaturali00mgoog_0110.png"; bbox 0 0 2975 4684; ppageno 0'>
   <div class='ocr_carea' id='block_1_1' title="bbox 1053 377 1810 459">
    <p class='ocr_par' dir='ltr' id='par_1_1' title="bbox 1053 377 1810 459">
     <span class='ocr_line' id='line_1_1' title="bbox 1053 377 1810 459; baseline 0.003 -5"><span class='ocrx_word' id='word_1_1' title='bbox 1053 377 1372 457; x_wconf 77' lang='lat' dir='ltr'>LIBER</span> <span class='ocrx_word' id='word_1_2' title='bbox 1441 389 1810 459; x_wconf 84' lang='lat' dir='ltr'>XXXIII.</span> 
     </span>
    </p>
   </div>
   <div class='ocr_carea' id='block_1_2' title="bbox 2356 411 2475 458">
    <p class='ocr_par' dir='ltr' id='par_1_2' title="bbox 2356 411 2475 458">
     <span class='ocr_line' id='line_1_2' title="bbox 2356 411 2475 458; baseline 0.017 -2"><span class='ocrx_word' id='word_1_3' title='bbox 2356 411 2475 458; x_wconf 72' lang='lat' dir='ltr'><strong>tm</strong></span> 
     </span>
    </p>
   </div>
   <div class='ocr_carea' id='block_1_3' title="bbox 361 515 2483 934">
    <p class='ocr_par' dir='ltr' id='par_1_3' title="bbox 361 515 2483 934">
     <span class='ocr_line' id='line_1_3' title="bbox 361 515 2483 616; baseline 0.001 -28"><span class='ocrx_word' id='word_1_4' title='bbox 361 515 768 590; x_wconf 71' lang='lat' dir='ltr'><strong>abluentium</strong></span> <span class='ocrx_word' id='word_1_5' title='bbox 813 519 1166 614; x_wconf 78' lang='lat' dir='ltr'><strong>penicillos.</strong></span> <span class='ocrx_word' id='word_1_6' title='bbox 1227 523 1398 591; x_wconf 85' lang='lat' dir='ltr'><strong>Sidit</strong></span> <span class='ocrx_word' id='word_1_7' title='bbox 1451 535 1671 593; x_wconf 86' lang='lat' dir='ltr'><strong>autem</strong></span> <span class='ocrx_word' id='word_1_8' title='bbox 1731 527 1795 590; x_wconf 89' lang='lat' dir='ltr'><strong>in</strong></span> <span class='ocrx_word' id='word_1_9' title='bbox 1850 547 2051 616; x_wconf 83' lang='lat' dir='ltr'><strong>aqua,</strong></span> <span class='ocrx_word' id='word_1_10' title='bbox 2097 535 2483 616; x_wconf 77' lang='lat' dir='ltr'><strong>constatque</strong></span> 
     </span>
     <span class='ocr_line' id='line_1_4' title="bbox 367 625 2479 698; baseline 0.002 -6"><span class='ocrx_word' id='word_1_11' title='bbox 367 625 754 696; x_wconf 74' lang='lat' dir='ltr'><strong>furantibuS.</strong></span> <span class='ocrx_word' id='word_1_12' title='bbox 795 628 1066 696; x_wconf 90' lang='lat' dir='ltr'><strong>Sincero</strong></span> <span class='ocrx_word' id='word_1_13' title='bbox 1103 629 1286 698; x_wconf 86' lang='lat' dir='ltr'><strong>cocci</strong></span> <span class='ocrx_word' id='word_1_14' title='bbox 1324 629 1501 697; x_wconf 86' lang='lat' dir='ltr'><strong>nitor</strong></span> <span class='ocrx_word' id='word_1_15' title='bbox 1525 653 1667 697; x_wconf 86' lang='lat' dir='ltr'><strong>esse</strong></span> <span class='ocrx_word' id='word_1_16' title='bbox 1696 629 1911 697; x_wconf 88' lang='lat' dir='ltr'><strong>debet.</strong></span> <span class='ocrx_word' id='word_1_17' title='bbox 1938 626 2326 697; x_wconf 79' lang='lat' dir='ltr'><strong>secundarii</strong></span> <span class='ocrx_word' id='word_1_18' title='bbox 2366 653 2479 696; x_wconf 84' lang='lat' dir='ltr'><strong>au-</strong></span> 
     </span>
     <span class='ocr_line' id='line_1_5' title="bbox 365 731 2481 829; baseline 0 -29"><span class='ocrx_word' id='word_1_19' title='bbox 365 745 498 800; x_wconf 82' lang='lat' dir='ltr'><strong>tem</strong></span> <span class='ocrx_word' id='word_1_20' title='bbox 540 731 850 827; x_wconf 83' lang='lat' dir='ltr'><strong>splendor</strong></span> <span class='ocrx_word' id='word_1_21' title='bbox 867 731 910 772; x_wconf 84' lang='lat'><strong>¹⁷</strong></span> <span class='ocrx_word' id='word_1_22' title='bbox 953 734 1020 801; x_wconf 90' lang='lat' dir='ltr'><strong>in</strong></span> <span class='ocrx_word' id='word_1_23' title='bbox 1057 731 1429 829; x_wconf 84' lang='lat' dir='ltr'><strong>parietibus·</strong></span> <span class='ocrx_word' id='word_1_24' title='bbox 1455 736 1655 804; x_wconf 84' lang='lat' dir='ltr'><strong>sentit</strong></span> <span class='ocrx_word' id='word_1_25' title='bbox 1708 733 2038 828; x_wconf 85' lang='lat' dir='ltr'><strong>uliginem.</strong></span> <span class='ocrx_word' id='word_1_26' title='bbox 2080 735 2481 826; x_wconf 84' lang='lat' dir='ltr'><strong>Quanquam</strong></span> 
     </span>
     <span class='ocr_line' id='line_1_6' title="bbox 365 835 2477 934; baseline 0.001 -30"><span class='ocrx_word' id='word_1_27' title='bbox 365 835 496 906; x_wconf 89' lang='lat' dir='ltr'><strong>hoc</strong></span> <span class='ocrx_word' id='word_1_28' title='bbox 536 837 772 932; x_wconf 83' lang='lat' dir='ltr'><strong>rubigo</strong></span> <span class='ocrx_word' id='word_1_29' title='bbox 823 839 1120 934; x_wconf 80' lang='lat' dir='ltr'><strong>quaedam</strong></span> <span class='ocrx_word' id='word_1_30' title='bbox 1185 839 1429 910; x_wconf 82' lang='lat' dir='ltr'><strong>metalli</strong></span> <span class='ocrx_word' id='word_1_31' title='bbox 1487 855 1603 910; x_wconf 89' lang='lat' dir='ltr'><strong>est.</strong></span> <span class='ocrx_word' id='word_1_32' title='bbox 1666 840 2213 934; x_wconf 81' lang='lat' dir='ltr'><strong>sisaponensibus</strong></span> <span class='ocrx_word' id='word_1_33' title='bbox 2258 853 2477 908; x_wconf 84' lang='lat' dir='ltr'><strong>autem</strong></span> 
     </span>
    </p>
   </div>
   <div class='ocr_carea' id='block_1_4' title="bbox 367 932 1438 1016">
    <p class='ocr_par' dir='ltr' id='par_1_4' title="bbox 367 932 1438 1016">
     <span class='ocr_line' id='line_1_7' title="bbox 367 932 1438 1016; baseline 0.004 -6"><span class='ocrx_word' id='word_1_34' title='bbox 367 944 680 1013; x_wconf 85' lang='lat' dir='ltr'><strong>miniariis</strong></span> <span class='ocrx_word' id='word_1_35' title='bbox 705 975 712 986; x_wconf 92' lang='lat'>·</span> <span class='ocrx_word' id='word_1_36' title='bbox 733 969 866 1014; x_wconf 82' lang='lat' dir='ltr'><strong>suae</strong></span> <span class='ocrx_word' id='word_1_37' title='bbox 932 970 1116 1014; x_wconf 79' lang='lat' dir='ltr'><strong>venae</strong></span> <span class='ocrx_word' id='word_1_38' title='bbox 1179 932 1438 1016; x_wconf 80' lang='lat' dir='ltr'><strong>arena¹⁸</strong></span> 
     </span>
    </p>
   </div>
   <div class='ocr_carea' id='block_1_5' title="bbox 1485 944 2484 1041">
    <p class='ocr_par' dir='ltr' id='par_1_5' title="bbox 1485 944 2484 1041">
     <span class='ocr_line' id='line_1_8' title="bbox 1485 944 2484 1041; baseline -0.003 -25"><span class='ocrx_word' id='word_1_39' title='bbox 1485 949 1625 1016; x_wconf 81' lang='lat' dir='ltr'><strong>sine</strong></span> <span class='ocrx_word' id='word_1_40' title='bbox 1692 961 1969 1041; x_wconf 83' lang='lat' dir='ltr'><strong>argento</strong></span> <span class='ocrx_word' id='word_1_41' title='bbox 1984 944 2032 984; x_wconf 83' lang='lat'><strong>¹⁹</strong></span> <span class='ocrx_word' id='word_1_42' title='bbox 2092 947 2484 1039; x_wconf 80' lang='lat' dir='ltr'><strong>excoquitur</strong></span> 
     </span>
    </p>
   </div>
   <div class='ocr_carea' id='block_1_6' title="bbox 365 1049 2547 1501">
    <p class='ocr_par' dir='ltr' id='par_1_6' title="bbox 365 1049 2547 1463">
     <span class='ocr_line' id='line_1_9' title="bbox 365 1049 2547 1144; baseline 0.002 -28"><span class='ocrx_word' id='word_1_43' title='bbox 365 1050 507 1118; x_wconf 78' lang='lat' dir='ltr'><strong>auri</strong></span> <span class='ocrx_word' id='word_1_44' title='bbox 537 1050 757 1118; x_wconf 89' lang='lat' dir='ltr'><strong>modo.</strong></span> <span class='ocrx_word' id='word_1_45' title='bbox 791 1051 1120 1120; x_wconf 82' lang='lat' dir='ltr'><strong>Probatur</strong></span> <span class='ocrx_word' id='word_1_46' title='bbox 1135 1049 1186 1074; x_wconf 82' lang='lat'><strong>²⁰</strong></span> <span class='ocrx_word' id='word_1_47' title='bbox 1213 1075 1378 1121; x_wconf 85' lang='lat' dir='ltr'><strong>auro</strong></span> <span class='ocrx_word' id='word_1_48' title='bbox 1401 1053 1723 1122; x_wconf 84' lang='lat' dir='ltr'><strong>candente</strong></span> <span class='ocrx_word' id='word_1_49' title='bbox 1751 1076 1766 1120; x_wconf 75' lang='grc' dir='ltr'>ε</span> <span class='ocrx_word' id='word_1_50' title='bbox 1806 1052 2101 1122; x_wconf 84' lang='lat' dir='ltr'><strong>fucatum</strong></span> <span class='ocrx_word' id='word_1_51' title='bbox 2130 1053 2474 1144; x_wconf 81' lang='lat' dir='ltr'><strong>nigrescit:</strong></span> <span class='ocrx_word' id='word_1_52' title='bbox 2518 1067 2547 1120; x_wconf 72' lang='grc'><em>4</em></span> 
     </span>
     <span class='ocr_line' id='line_1_10' title="bbox 365 1151 2483 1228; baseline 0.001 -5"><span class='ocrx_word' id='word_1_53' title='bbox 365 1155 692 1224; x_wconf 83' lang='lat' dir='ltr'><strong>sincerum</strong></span> <span class='ocrx_word' id='word_1_54' title='bbox 724 1157 964 1226; x_wconf 88' lang='lat' dir='ltr'><strong>retinet</strong></span> <span class='ocrx_word' id='word_1_55' title='bbox 985 1151 1298 1228; x_wconf 86' lang='lat' dir='ltr'><strong>colorem.</strong></span> <span class='ocrx_word' id='word_1_56' title='bbox 1345 1160 1623 1228; x_wconf 78' lang='lat' dir='ltr'><strong>Invenio</strong></span> <span class='ocrx_word' id='word_1_57' title='bbox 1660 1172 1727 1226; x_wconf 88' lang='lat' dir='ltr'><strong>et</strong></span> <span class='ocrx_word' id='word_1_58' title='bbox 1756 1157 1939 1228; x_wconf 86' lang='lat' dir='ltr'><strong>calce</strong></span> <span class='ocrx_word' id='word_1_59' title='bbox 1976 1155 2349 1226; x_wconf 83' lang='lat' dir='ltr'><strong>adulterari.</strong></span> <span class='ocrx_word' id='word_1_60' title='bbox 2384 1162 2483 1226; x_wconf 86' lang='lat' dir='ltr'><strong>Ac</strong></span> 
     </span>
     <span class='ocr_line' id='line_1_11' title="bbox 366 1259 2487 1348; baseline 0 -19"><span class='ocrx_word' id='word_1_61' title='bbox 366 1259 557 1331; x_wconf 84' lang='lat' dir='ltr'><strong>simili</strong></span> <span class='ocrx_word' id='word_1_62' title='bbox 591 1265 844 1332; x_wconf 81' lang='lat' dir='ltr'><strong>ratione</strong></span> <span class='ocrx_word' id='word_1_63' title='bbox 878 1263 1033 1331; x_wconf 91' lang='lat' dir='ltr'><strong>ferri</strong></span> <span class='ocrx_word' id='word_1_64' title='bbox 1079 1263 1417 1333; x_wconf 81' lang='lat' dir='ltr'><strong>candentis</strong></span> <span class='ocrx_word' id='word_1_65' title='bbox 1455 1263 1731 1348; x_wconf 85' lang='lat' dir='ltr'><strong>lamina,</strong></span> <span class='ocrx_word' id='word_1_66' title='bbox 1778 1265 1831 1330; x_wconf 84' lang='lat' dir='ltr'><strong>si</strong></span> <span class='ocrx_word' id='word_1_67' title='bbox 1874 1287 2010 1330; x_wconf 89' lang='lat' dir='ltr'><strong>non</strong></span> <span class='ocrx_word' id='word_1_68' title='bbox 2046 1263 2179 1330; x_wconf 84' lang='lat' dir='ltr'><strong>sit²¹</strong></span> <span class='ocrx_word' id='word_1_69' title='bbox 2213 1287 2444 1330; x_wconf 88' lang='lat' dir='ltr'><strong>aurum</strong></span> <span class='ocrx_word' id='word_1_70' title='bbox 2471 1317 2487 1342; x_wconf 84' lang='lat'><strong>,</strong></span> 
     </span>
     <span class='ocr_line' id='line_1_12' title="bbox 365 1365 2486 1501; baseline -0 -67"><span class='ocrx_word' id='word_1_71' title='bbox 365 1365 798 1501; x_wconf 87' lang='lat' dir='ltr'><strong>deprehendi</strong></span> <span class='ocrx_word' id='word_1_72' title='bbox 815 1366 1006 1442; x_wconf 84' lang='lat' dir='ltr'><strong>illico.</strong></span> <span class='ocrx_word' id='word_1_73' title='bbox 1053 1368 1224 1438; x_wconf 89' lang='lat' dir='ltr'><strong>Solis</strong></span> <span class='ocrx_word' id='word_1_74' title='bbox 1258 1381 1456 1463; x_wconf 77' lang='lat' dir='ltr'><strong>atque</strong></span> <span class='ocrx_word' id='word_1_75' title='bbox 1496 1367 1726 1438; x_wconf 73' lang='lat' dir='ltr'><strong>lunae2’</strong></span> <span class='ocrx_word' id='word_1_76' title='bbox 1760 1382 2105 1438; x_wconf 83' lang='lat' dir='ltr'><strong>contactus</strong></span> <span class='ocrx_word' id='word_1_77' title='bbox 2142 1368 2441 1436; x_wconf 87' lang='lat' dir='ltr'><strong>inimicus</strong></span> <span class='ocrx_word' id='word_1_78' title='bbox 2473 1394 2486 1433; x_wconf 91' lang='lat'>:</span> 
     </span>
    </p>
   </div>
   <div class='ocr_carea' id='block_1_7' title="bbox 367 1463 798 1543">
    <p class='ocr_par' dir='ltr' id='par_1_7' title="bbox 367 1463 798 1543">
     <span class='ocr_line' id='line_1_13' title="bbox 367 1463 798 1543; baseline 0.006 -2"><span class='ocrx_word' id='word_1_79' title='bbox 367 1463 798 1543; x_wconf 78' lang='lat' dir='ltr'><strong>remedium²³</strong></span> 
     </span>
    </p>
   </div>
   <div class='ocr_carea' id='block_1_8' title="bbox 365 1640 1388 1792">
    <p class='ocr_par' dir='ltr' id='par_1_8' title="bbox 365 1640 1388 1792">
     <span class='ocr_line' id='line_1_14' title="bbox 365 1640 1388 1696; baseline 0.002 -2"><span class='ocrx_word' id='word_1_80' title='bbox 365 1640 498 1694; x_wconf 83' lang='lat' dir='ltr'><strong>dum</strong></span> <span class='ocrx_word' id='word_1_81' title='bbox 537 1642 718 1694; x_wconf 85' lang='lat' dir='ltr'><strong>colore</strong></span> <span class='ocrx_word' id='word_1_82' title='bbox 753 1654 870 1695; x_wconf 87' lang='lat' dir='ltr'><strong>tum</strong></span> <span class='ocrx_word' id='word_1_83' title='bbox 896 1642 1120 1695; x_wconf 77' lang='lat' dir='ltr'><strong>fuisset.</strong></span> <span class='ocrx_word' id='word_1_84' title='bbox 1145 1661 1266 1696; x_wconf 88' lang='lat' dir='ltr'><strong>nam</strong></span> <span class='ocrx_word' id='word_1_85' title='bbox 1291 1643 1388 1696; x_wconf 88' lang='lat' dir='ltr'><strong>mi·</strong></span> 
     </span>
     <span class='ocr_line' id='line_1_15' title="bbox 367 1719 1382 1792; baseline 0 -18"><span class='ocrx_word' id='word_1_86' title='bbox 367 1721 518 1774; x_wconf 82' lang='lat' dir='ltr'><strong>nium</strong></span> <span class='ocrx_word' id='word_1_87' title='bbox 551 1722 727 1774; x_wconf 68' lang='lat' dir='ltr'><strong>statim</strong></span> <span class='ocrx_word' id='word_1_88' title='bbox 756 1719 1003 1774; x_wconf 81' lang='lat' dir='ltr'><strong>sidebat&#39;</strong></span> <span class='ocrx_word' id='word_1_89' title='bbox 989 1741 1044 1774; x_wconf 83' lang='lat' dir='ltr'><strong>m</strong></span> <span class='ocrx_word' id='word_1_90' title='bbox 1081 1739 1260 1792; x_wconf 80' lang='lat' dir='ltr'><strong>aqua.</strong></span> <span class='ocrx_word' id='word_1_91' title='bbox 1290 1722 1382 1774; x_wconf 89' lang='lat' dir='ltr'><strong>ubi</strong></span> 
     </span>
    </p>
   </div>
   <div class='ocr_carea' id='block_1_9' title="bbox 367 1801 1383 1872">
    <p class='ocr_par' dir='ltr' id='par_1_9' title="bbox 367 1801 1383 1872">
     <span class='ocr_line' id='line_1_16' title="bbox 367 1801 1383 1872; baseline 0.004 -20"><span class='ocrx_word' id='word_1_92' title='bbox 367 1801 630 1870; x_wconf 75' lang='lat' dir='ltr'><strong>integrum</strong></span> <span class='ocrx_word' id='word_1_93' title='bbox 680 1801 978 1854; x_wconf 81' lang='lat' dir='ltr'><strong>furantibus</strong></span> <span class='ocrx_word' id='word_1_94' title='bbox 1023 1801 1383 1872; x_wconf 71' lang='lat' dir='ltr'><strong>permanebat.</strong></span> 
     </span>
    </p>
   </div>
   <div class='ocr_carea' id='block_1_10' title="bbox 365 1878 1383 3242">
    <p class='ocr_par' dir='ltr' id='par_1_10' title="bbox 365 1878 1382 2347">
     <span class='ocr_line' id='line_1_17' title="bbox 367 1878 1382 1952; baseline 0.001 -21"><span class='ocrx_word' id='word_1_95' title='bbox 367 1879 470 1932; x_wconf 78' lang='lat' dir='ltr'><strong>vel</strong></span> <span class='ocrx_word' id='word_1_96' title='bbox 496 1897 566 1932; x_wconf 82' lang='lat' dir='ltr'><strong>ex</strong></span> <span class='ocrx_word' id='word_1_97' title='bbox 591 1879 692 1933; x_wconf 86' lang='lat' dir='ltr'><strong>hoc</strong></span> <span class='ocrx_word' id='word_1_98' title='bbox 718 1881 838 1942; x_wconf 78' lang='lat' dir='ltr'><strong>loco</strong></span> <span class='ocrx_word' id='word_1_99' title='bbox 865 1880 1126 1950; x_wconf 75' lang='lat' dir='ltr'><strong>intelligas</strong></span> <span class='ocrx_word' id='word_1_100' title='bbox 1151 1899 1286 1952; x_wconf 78' lang='lat' dir='ltr'><strong>aqua</strong></span> <span class='ocrx_word' id='word_1_101' title='bbox 1308 1878 1382 1933; x_wconf 86' lang='lat' dir='ltr'><strong>di-</strong></span> 
     </span>
     <span class='ocr_line' id='line_1_18' title="bbox 365 1959 1380 2032; baseline 0.003 -21"><span class='ocrx_word' id='word_1_102' title='bbox 365 1960 442 2012; x_wconf 86' lang='lat' dir='ltr'><strong>lui</strong></span> <span class='ocrx_word' id='word_1_103' title='bbox 463 1959 668 2013; x_wconf 86' lang='lat' dir='ltr'><strong>colores</strong></span> <span class='ocrx_word' id='word_1_104' title='bbox 683 1959 871 2014; x_wconf 87' lang='lat' dir='ltr'><strong>solitos</strong></span> <span class='ocrx_word' id='word_1_105' title='bbox 886 1960 954 2014; x_wconf 86' lang='lat' dir='ltr'><strong>ab</strong></span> <span class='ocrx_word' id='word_1_106' title='bbox 968 1961 1203 2032; x_wconf 85' lang='lat' dir='ltr'><strong>antiquis</strong></span> <span class='ocrx_word' id='word_1_107' title='bbox 1215 1997 1233 2024; x_wconf 90' lang='lat'>‚</span> <span class='ocrx_word' id='word_1_108' title='bbox 1249 1979 1380 2026; x_wconf 86' lang='lat' dir='ltr'><strong>non,</strong></span> 
     </span>
     <span class='ocr_line' id='line_1_19' title="bbox 367 2037 1380 2106; baseline 0.001 -14"><span class='ocrx_word' id='word_1_109' title='bbox 367 2039 446 2092; x_wconf 85' lang='lat' dir='ltr'><strong>uti</strong></span> <span class='ocrx_word' id='word_1_110' title='bbox 483 2037 680 2106; x_wconf 81' lang='lat' dir='ltr'><strong>modo,</strong></span> <span class='ocrx_word' id='word_1_111' title='bbox 717 2039 837 2092; x_wconf 88' lang='lat' dir='ltr'><strong>oleo</strong></span> <span class='ocrx_word' id='word_1_112' title='bbox 867 2058 882 2092; x_wconf 72' lang='grc' dir='ltr'><strong><em>ε</em></strong></span> <span class='ocrx_word' id='word_1_113' title='bbox 923 2059 1048 2092; x_wconf 87' lang='lat' dir='ltr'><strong>nam</strong></span> <span class='ocrx_word' id='word_1_114' title='bbox 1085 2059 1184 2093; x_wconf 88' lang='lat' dir='ltr'><strong>nec</strong></span> <span class='ocrx_word' id='word_1_115' title='bbox 1227 2040 1380 2094; x_wconf 81' lang='lat' dir='ltr'><strong>utiles</strong></span> 
     </span>
     <span class='ocr_line' id='line_1_20' title="bbox 367 2119 1374 2190; baseline 0 -18"><span class='ocrx_word' id='word_1_116' title='bbox 367 2135 476 2172; x_wconf 82' lang='lat' dir='ltr'><strong>esse</strong></span> <span class='ocrx_word' id='word_1_117' title='bbox 511 2131 762 2190; x_wconf 82' lang='lat' dir='ltr'><strong>possunt,</strong></span> <span class='ocrx_word' id='word_1_118' title='bbox 793 2120 954 2173; x_wconf 83' lang='lat' dir='ltr'><strong>semel</strong></span> <span class='ocrx_word' id='word_1_119' title='bbox 985 2119 1105 2172; x_wconf 88' lang='lat' dir='ltr'><strong>oleo</strong></span> <span class='ocrx_word' id='word_1_120' title='bbox 1133 2120 1336 2174; x_wconf 74' lang='lat' dir='ltr'><strong>subacti</strong></span> <span class='ocrx_word' id='word_1_121' title='bbox 1360 2139 1374 2172; x_wconf 90' lang='lat'><strong>:</strong></span> 
     </span>
     <span class='ocr_line' id='line_1_21' title="bbox 367 2197 1378 2272; baseline 0.002 -22"><span class='ocrx_word' id='word_1_122' title='bbox 367 2215 538 2268; x_wconf 85' lang='lat' dir='ltr'><strong>neque</strong></span> <span class='ocrx_word' id='word_1_123' title='bbox 548 2215 612 2252; x_wconf 83' lang='lat' dir='ltr'><strong>ex</strong></span> <span class='ocrx_word' id='word_1_124' title='bbox 633 2197 893 2270; x_wconf 83' lang='lat' dir='ltr'><strong>penicillis</strong></span> <span class='ocrx_word' id='word_1_125' title='bbox 909 2199 1018 2253; x_wconf 87' lang='lat' dir='ltr'><strong>elui</strong></span> <span class='ocrx_word' id='word_1_126' title='bbox 1033 2199 1142 2254; x_wconf 76' lang='lat' dir='ltr'><strong>ulls</strong></span> <span class='ocrx_word' id='word_1_127' title='bbox 1155 2200 1208 2252; x_wconf 73' lang='lat' dir='ltr'><strong>vi</strong></span> <span class='ocrx_word' id='word_1_128' title='bbox 1227 2217 1378 2272; x_wconf 70' lang='lat' dir='ltr'><strong>aquai</strong></span> 
     </span>
     <span class='ocr_line' id='line_1_22' title="bbox 369 2277 814 2347; baseline 0.009 -19"><span class='ocrx_word' id='word_1_129' title='bbox 369 2291 600 2347; x_wconf 79' lang='lat' dir='ltr'><strong>possunt.</strong></span> <span class='ocrx_word' id='word_1_130' title='bbox 631 2277 814 2332; x_wconf 72' lang='lat' dir='ltr'><strong>Eun.</strong></span> 
     </span>
    </p>

    <p class='ocr_par' dir='ltr' id='par_1_11' title="bbox 366 2355 1380 2652">
     <span class='ocr_line' id='line_1_23' title="bbox 453 2355 1374 2429; baseline 0.003 -21"><span class='ocrx_word' id='word_1_131' title='bbox 453 2373 538 2426; x_wconf 83' lang='lat'><strong>17.</strong></span> <span class='ocrx_word' id='word_1_132' title='bbox 591 2355 874 2411; x_wconf 66' lang='lat' dir='ltr'><strong>&amp;candui-ii</strong></span> <span class='ocrx_word' id='word_1_133' title='bbox 921 2371 1080 2412; x_wconf 74' lang='lat' dir='ltr'><strong>autem</strong></span> <span class='ocrx_word' id='word_1_134' title='bbox 1133 2359 1374 2429; x_wconf 77' lang='lat' dir='ltr'><strong>splendor.</strong></span> 
     </span>
     <span class='ocr_line' id='line_1_24' title="bbox 367 2434 1379 2510; baseline 0.004 -23"><span class='ocrx_word' id='word_1_135' title='bbox 367 2434 634 2489; x_wconf 86' lang='lat' dir='ltr'><strong>Parietnm</strong></span> <span class='ocrx_word' id='word_1_136' title='bbox 680 2438 858 2510; x_wconf 75' lang='lat' dir='ltr'><strong>uligo,</strong></span> <span class='ocrx_word' id='word_1_137' title='bbox 905 2439 1018 2492; x_wconf 79' lang='lat' dir='ltr'><strong>sive</strong></span> <span class='ocrx_word' id='word_1_138' title='bbox 1059 2437 1379 2502; x_wconf 80' lang='lat' dir='ltr'><strong>humiditas,</strong></span> 
     </span>
     <span class='ocr_line' id='line_1_25' title="bbox 368 2515 1380 2588; baseline 0.006 -22"><span class='ocrx_word' id='word_1_139' title='bbox 368 2515 594 2568; x_wconf 84' lang='lat' dir='ltr'><strong>multum</strong></span> <span class='ocrx_word' id='word_1_140' title='bbox 619 2517 792 2571; x_wconf 86' lang='lat' dir='ltr'><strong>aufert</strong></span> <span class='ocrx_word' id='word_1_141' title='bbox 807 2516 1104 2588; x_wconf 70' lang='lat' dir='ltr'><strong>splendoris</strong></span> <span class='ocrx_word' id='word_1_142' title='bbox 1131 2517 1380 2572; x_wconf 73' lang='lat' dir='ltr'><strong>secunda-</strong></span> 
     </span>
     <span class='ocr_line' id='line_1_26' title="bbox 366 2594 870 2652; baseline 0.012 -6"><span class='ocrx_word' id='word_1_143' title='bbox 366 2594 452 2646; x_wconf 84' lang='lat' dir='ltr'><strong>rio</strong></span> <span class='ocrx_word' id='word_1_144' title='bbox 479 2595 664 2648; x_wconf 84' lang='lat' dir='ltr'><strong>minio.</strong></span> <span class='ocrx_word' id='word_1_145' title='bbox 689 2595 870 2652; x_wconf 72' lang='lat' dir='ltr'><strong>lium.</strong></span> 
     </span>
    </p>

    <p class='ocr_par' dir='ltr' id='par_1_12' title="bbox 365 2673 1380 3044">
     <span class='ocr_line' id='line_1_27' title="bbox 455 2673 1380 2730; baseline 0.002 -4"><span class='ocrx_word' id='word_1_146' title='bbox 455 2675 543 2726; x_wconf 83' lang='lat'><strong>18.</strong></span> <span class='ocrx_word' id='word_1_147' title='bbox 585 2673 700 2728; x_wconf 69' lang='lat' dir='ltr'><strong>Sua</strong></span> <span class='ocrx_word' id='word_1_148' title='bbox 719 2695 861 2729; x_wconf 72' lang='lat' dir='ltr'><strong>venes</strong></span> <span class='ocrx_word' id='word_1_149' title='bbox 877 2695 1044 2730; x_wconf 73' lang='lat' dir='ltr'><strong>anna.</strong></span> <span class='ocrx_word' id='word_1_150' title='bbox 1063 2678 1126 2730; x_wconf 90' lang='lat' dir='ltr'><strong>In</strong></span> <span class='ocrx_word' id='word_1_151' title='bbox 1155 2677 1380 2730; x_wconf 82' lang='lat' dir='ltr'><strong>metallis</strong></span> 
     </span>
     <span class='ocr_line' id='line_1_28' title="bbox 370 2751 1378 2826; baseline 0.006 -22"><span class='ocrx_word' id='word_1_152' title='bbox 370 2751 638 2817; x_wconf 74' lang='lat' dir='ltr'><strong>minan-iis,</strong></span> <span class='ocrx_word' id='word_1_153' title='bbox 659 2753 832 2824; x_wconf 83' lang='lat' dir='ltr'><strong>inquit</strong></span> <span class='ocrx_word' id='word_1_154' title='bbox 847 2794 863 2819; x_wconf 88' lang='lat'><strong>,</strong></span> <span class='ocrx_word' id='word_1_155' title='bbox 882 2773 1001 2826; x_wconf 66' lang='lat' dir='ltr'><strong>qun</strong></span> <span class='ocrx_word' id='word_1_156' title='bbox 1021 2769 1146 2809; x_wconf 81' lang='lat' dir='ltr'><strong>sunt</strong></span> <span class='ocrx_word' id='word_1_157' title='bbox 1167 2756 1378 2826; x_wconf 83' lang='lat' dir='ltr'><strong>Sisapo-</strong></span> 
     </span>
     <span class='ocr_line' id='line_1_29' title="bbox 371 2833 1380 2905; baseline 0.006 -23"><span class='ocrx_word' id='word_1_158' title='bbox 371 2849 465 2894; x_wconf 87' lang='lat' dir='ltr'><strong>ne,</strong></span> <span class='ocrx_word' id='word_1_159' title='bbox 491 2849 624 2884; x_wconf 79' lang='lat' dir='ltr'><strong>vena</strong></span> <span class='ocrx_word' id='word_1_160' title='bbox 644 2845 722 2886; x_wconf 86' lang='lat' dir='ltr'><strong>eat</strong></span> <span class='ocrx_word' id='word_1_161' title='bbox 743 2833 893 2886; x_wconf 84' lang='lat' dir='ltr'><strong>minii</strong></span> <span class='ocrx_word' id='word_1_162' title='bbox 915 2834 1129 2905; x_wconf 81' lang='lat' dir='ltr'><strong>propria</strong></span> <span class='ocrx_word' id='word_1_163' title='bbox 1153 2849 1204 2888; x_wconf 90' lang='lat' dir='ltr'><strong>et</strong></span> <span class='ocrx_word' id='word_1_164' title='bbox 1221 2853 1380 2905; x_wconf 79' lang='lat' dir='ltr'><strong>pecn-</strong></span> 
     </span>
     <span class='ocr_line' id='line_1_30' title="bbox 369 2909 1380 2986; baseline 0.007 -25"><span class='ocrx_word' id='word_1_165' title='bbox 369 2909 544 2974; x_wconf 76' lang='lat' dir='ltr'><strong>liaris,</strong></span> <span class='ocrx_word' id='word_1_166' title='bbox 569 2911 740 2973; x_wconf 87' lang='lat' dir='ltr'><strong>nullo,</strong></span> <span class='ocrx_word' id='word_1_167' title='bbox 768 2924 828 2964; x_wconf 87' lang='lat' dir='ltr'><strong>nt</strong></span> <span class='ocrx_word' id='word_1_168' title='bbox 850 2913 962 2966; x_wconf 77' lang='lat' dir='ltr'><strong>fere</strong></span> <span class='ocrx_word' id='word_1_169' title='bbox 984 2913 1141 2976; x_wconf 84' lang='lat' dir='ltr'><strong>alibi,</strong></span> <span class='ocrx_word' id='word_1_170' title='bbox 1166 2927 1380 2986; x_wconf 75' lang='lat' dir='ltr'><strong>argento</strong></span> 
     </span>
     <span class='ocr_line' id='line_1_31' title="bbox 365 2987 828 3045; baseline 0 -1"><span class='ocrx_word' id='word_1_171' title='bbox 365 2987 626 3045; x_wconf 77' lang='lat' dir='ltr'><strong>admixto.</strong></span> <span class='ocrx_word' id='word_1_172' title='bbox 653 2989 828 3045; x_wconf 72' lang='lat' dir='ltr'><strong>Hm.</strong></span> 
     </span>
    </p>

    <p class='ocr_par' dir='ltr' id='par_1_13' title="bbox 369 3067 1383 3228">
     <span class='ocr_line' id='line_1_32' title="bbox 459 3067 1383 3143; baseline 0.007 -22"><span class='ocrx_word' id='word_1_173' title='bbox 459 3067 694 3139; x_wconf 68' lang='lat' dir='ltr'><strong>19.Se·m</strong></span> <span class='ocrx_word' id='word_1_174' title='bbox 711 3084 914 3142; x_wconf 67' lang='lat' dir='ltr'><strong>organo</strong></span> <span class='ocrx_word' id='word_1_175' title='bbox 935 3075 1227 3143; x_wconf 68' lang='lat' dir='ltr'><strong>excoquitur.</strong></span> <span class='ocrx_word' id='word_1_176' title='bbox 1253 3074 1383 3127; x_wconf 79' lang='lat' dir='ltr'><strong>Nul-</strong></span> 
     </span>
     <span class='ocr_line' id='line_1_33' title="bbox 369 3148 1382 3242; baseline 0.006 -42"><span class='ocrx_word' id='word_1_177' title='bbox 369 3148 424 3200; x_wconf 93' lang='lat' dir='ltr'><strong>lo</strong></span> <span class='ocrx_word' id='word_1_178' title='bbox 427 3162 672 3242; x_wconf 68' lang='lat' dir='ltr'><strong>argento</strong></span> <span class='ocrx_word' id='word_1_179' title='bbox 691 3151 899 3206; x_wconf 78' lang='lat' dir='ltr'><strong>mixto.</strong></span> <span class='ocrx_word' id='word_1_180' title='bbox 919 3169 1044 3204; x_wconf 86' lang='lat' dir='ltr'><strong>nam</strong></span> <span class='ocrx_word' id='word_1_181' title='bbox 1065 3152 1382 3223; x_wconf 84' lang='lat' dir='ltr'><strong>plerumque</strong></span> 
     </span>
    </p>
   </div>
   <div class='ocr_carea' id='block_1_11' title="bbox 367 3228 1379 3364">
    <p class='ocr_par' dir='ltr' id='par_1_14' title="bbox 367 3228 1379 3364">
     <span class='ocr_line' id='line_1_34' title="bbox 369 3228 1379 3304; baseline 0.002 -22"><span class='ocrx_word' id='word_1_182' title='bbox 369 3228 590 3282; x_wconf 84' lang='lat' dir='ltr'><strong>minium</strong></span> <span class='ocrx_word' id='word_1_183' title='bbox 629 3230 684 3282; x_wconf 84' lang='lat' dir='ltr'><strong>in</strong></span> <span class='ocrx_word' id='word_1_184' title='bbox 717 3232 1027 3304; x_wconf 65' lang='lat' dir='ltr'><strong>argentariis</strong></span> <span class='ocrx_word' id='word_1_185' title='bbox 1049 3232 1314 3286; x_wconf 67' lang='lat' dir='ltr'><strong>metallis</strong></span> <span class='ocrx_word' id='word_1_186' title='bbox 1299 3251 1379 3290; x_wconf 83' lang='lat' dir='ltr'><strong>m-</strong></span> 
     </span>
     <span class='ocr_line' id='line_1_35' title="bbox 367 3307 756 3364; baseline 0.013 -5"><span class='ocrx_word' id='word_1_187' title='bbox 367 3307 594 3363; x_wconf 79' lang='lat' dir='ltr'><strong>venitnr.</strong></span> <span class='ocrx_word' id='word_1_188' title='bbox 619 3311 756 3364; x_wconf 77' lang='lat' dir='ltr'><strong>Du..</strong></span> 
     </span>
    </p>
   </div>
   <div class='ocr_carea' id='block_1_12' title="bbox 364 3389 1382 4082">
    <p class='ocr_par' dir='ltr' id='par_1_15' title="bbox 364 3389 1382 4082">
     <span class='ocr_line' id='line_1_36' title="bbox 450 3389 1380 3458; baseline 0.005 -18"><span class='ocrx_word' id='word_1_189' title='bbox 450 3407 537 3441; x_wconf 74' lang='lat' dir='ltr'><strong>so.</strong></span> <span class='ocrx_word' id='word_1_190' title='bbox 558 3389 924 3446; x_wconf 66' lang='lat' dir='ltr'><strong>Probum-,vel</strong></span> <span class='ocrx_word' id='word_1_191' title='bbox 939 3392 984 3446; x_wconf 89' lang='lat' dir='ltr'><strong>si</strong></span> <span class='ocrx_word' id='word_1_192' title='bbox 1001 3409 1190 3444; x_wconf 83' lang='lat' dir='ltr'><strong>aurum</strong></span> <span class='ocrx_word' id='word_1_193' title='bbox 1215 3390 1380 3458; x_wconf 81' lang='lat' dir='ltr'><strong>desit,</strong></span> 
     </span>
     <span class='ocr_line' id='line_1_37' title="bbox 369 3469 1380 3540; baseline 0.005 -21"><span class='ocrx_word' id='word_1_194' title='bbox 369 3479 428 3520; x_wconf 88' lang='lat' dir='ltr'><strong>ut</strong></span> <span class='ocrx_word' id='word_1_195' title='bbox 447 3485 570 3520; x_wconf 79' lang='lat' dir='ltr'><strong>mox</strong></span> <span class='ocrx_word' id='word_1_196' title='bbox 601 3469 674 3522; x_wconf 88' lang='lat' dir='ltr'><strong>ait</strong></span> <span class='ocrx_word' id='word_1_197' title='bbox 703 3472 846 3540; x_wconf 83' lang='lat' dir='ltr'><strong>ipse,</strong></span> <span class='ocrx_word' id='word_1_198' title='bbox 877 3471 1076 3524; x_wconf 83' lang='lat' dir='ltr'><strong>lamina</strong></span> <span class='ocrx_word' id='word_1_199' title='bbox 1095 3471 1226 3524; x_wconf 77' lang='lat' dir='ltr'><strong>ferri</strong></span> <span class='ocrx_word' id='word_1_200' title='bbox 1251 3489 1380 3524; x_wconf 73' lang='lat' dir='ltr'><strong>cen·</strong></span> 
     </span>
     <span class='ocr_line' id='line_1_38' title="bbox 367 3543 1378 3621; baseline 0.004 -23"><span class='ocrx_word' id='word_1_201' title='bbox 367 3543 540 3603; x_wconf 85' lang='lat' dir='ltr'><strong>dentis</strong></span> <span class='ocrx_word' id='word_1_202' title='bbox 561 3568 575 3598; x_wconf 79' lang='lat' dir='ltr'><strong><em>z</em></strong></span> <span class='ocrx_word' id='word_1_203' title='bbox 621 3549 698 3602; x_wconf 87' lang='lat' dir='ltr'><strong>aie</strong></span> <span class='ocrx_word' id='word_1_204' title='bbox 737 3551 878 3604; x_wconf 81' lang='lat' dir='ltr'><strong>enim</strong></span> <span class='ocrx_word' id='word_1_205' title='bbox 923 3551 1204 3621; x_wconf 80' lang='lat' dir='ltr'><strong>probatur,</strong></span> <span class='ocrx_word' id='word_1_206' title='bbox 1245 3567 1378 3602; x_wconf 87' lang='lat' dir='ltr'><strong>num</strong></span> 
     </span>
     <span class='ocr_line' id='line_1_39' title="bbox 364 3626 1382 3682; baseline 0.004 -4"><span class='ocrx_word' id='word_1_207' title='bbox 364 3627 558 3680; x_wconf 83' lang='lat' dir='ltr'><strong>calcem</strong></span> <span class='ocrx_word' id='word_1_208' title='bbox 581 3626 864 3682; x_wconf 68' lang='lat' dir='ltr'><strong>admixtam</strong></span> <span class='ocrx_word' id='word_1_209' title='bbox 891 3628 1382 3682; x_wconf 58' lang='lat' dir='ltr'><strong>haheauvitruvius</strong></span> 
     </span>
     <span class='ocr_line' id='line_1_40' title="bbox 367 3705 1380 3778; baseline 0.004 -20"><span class='ocrx_word' id='word_1_210' title='bbox 367 3723 478 3758; x_wconf 81' lang='lat' dir='ltr'><strong>rem</strong></span> <span class='ocrx_word' id='word_1_211' title='bbox 509 3707 668 3777; x_wconf 84' lang='lat' dir='ltr'><strong>paulo</strong></span> <span class='ocrx_word' id='word_1_212' title='bbox 691 3705 978 3760; x_wconf 76' lang='lat' dir='ltr'><strong>dilucidius</strong></span> <span class='ocrx_word' id='word_1_213' title='bbox 997 3707 1074 3760; x_wconf 82' lang='lat' dir='ltr'><strong>sie</strong></span> <span class='ocrx_word' id='word_1_214' title='bbox 1102 3708 1380 3778; x_wconf 69' lang='lat' dir='ltr'><strong>explanat,</strong></span> 
     </span>
     <span class='ocr_line' id='line_1_41' title="bbox 371 3785 1378 3858; baseline 0.002 -20"><span class='ocrx_word' id='word_1_215' title='bbox 371 3785 505 3848; x_wconf 82' lang='lat' dir='ltr'><strong>vn,</strong></span> <span class='ocrx_word' id='word_1_216' title='bbox 532 3805 590 3855; x_wconf 82' lang='lat'><strong>9,</strong></span> <span class='ocrx_word' id='word_1_217' title='bbox 617 3805 672 3858; x_wconf 91' lang='lat' dir='ltr'><strong>p.</strong></span> <span class='ocrx_word' id='word_1_218' title='bbox 699 3795 806 3852; x_wconf 72' lang='lat'><strong>¹⁴²</strong></span> <span class='ocrx_word' id='word_1_219' title='bbox 833 3804 848 3840; x_wconf 92' lang='lat'><strong>:</strong></span> <span class='ocrx_word' id='word_1_220' title='bbox 874 3787 1132 3840; x_wconf 78' lang='lat' dir='ltr'><strong>-Vitiatur</strong></span> <span class='ocrx_word' id='word_1_221' title='bbox 1154 3787 1378 3840; x_wconf 80' lang='lat' dir='ltr'><strong>minium</strong></span> 
     </span>
     <span class='ocr_line' id='line_1_42' title="bbox 369 3862 1382 3937; baseline 0.006 -23"><span class='ocrx_word' id='word_1_222' title='bbox 369 3862 594 3918; x_wconf 80' lang='lat' dir='ltr'><strong>admixta</strong></span> <span class='ocrx_word' id='word_1_223' title='bbox 628 3867 792 3920; x_wconf 75' lang='lat' dir='ltr'><strong>calce.</strong></span> <span class='ocrx_word' id='word_1_224' title='bbox 815 3867 1002 3937; x_wconf 76' lang='lat' dir='ltr'><strong>ltaque</strong></span> <span class='ocrx_word' id='word_1_225' title='bbox 1039 3866 1082 3920; x_wconf 81' lang='lat' dir='ltr'><strong>si</strong></span> <span class='ocrx_word' id='word_1_226' title='bbox 1111 3867 1232 3937; x_wconf 85' lang='lat' dir='ltr'><strong>quis</strong></span> <span class='ocrx_word' id='word_1_227' title='bbox 1257 3867 1382 3920; x_wconf 82' lang='lat' dir='ltr'><strong>velit</strong></span> 
     </span>
     <span class='ocr_line' id='line_1_43' title="bbox 371 3944 1378 4012; baseline 0.002 -14"><span class='ocrx_word' id='word_1_228' title='bbox 371 3945 594 4012; x_wconf 73' lang='lat' dir='ltr'><strong>experiri</strong></span> <span class='ocrx_word' id='word_1_229' title='bbox 619 3945 675 3998; x_wconf 90' lang='lat' dir='ltr'><strong>id</strong></span> <span class='ocrx_word' id='word_1_230' title='bbox 705 3946 823 4000; x_wconf 81' lang='lat' dir='ltr'><strong>sine</strong></span> <span class='ocrx_word' id='word_1_231' title='bbox 845 3946 974 4000; x_wconf 78' lang='lat' dir='ltr'><strong>vitio</strong></span> <span class='ocrx_word' id='word_1_232' title='bbox 1003 3963 1150 4008; x_wconf 81' lang='lat' dir='ltr'><strong>esse,</strong></span> <span class='ocrx_word' id='word_1_233' title='bbox 1184 3944 1258 3998; x_wconf 85' lang='lat' dir='ltr'><strong>sic</strong></span> <span class='ocrx_word' id='word_1_234' title='bbox 1277 3947 1378 4000; x_wconf 84' lang='lat' dir='ltr'><strong>erit</strong></span> 
     </span>
     <span class='ocr_line' id='line_1_44' title="bbox 370 4019 1378 4082; baseline 0.006 -8"><span class='ocrx_word' id='word_1_235' title='bbox 370 4019 666 4078; x_wconf 77' lang='lat' dir='ltr'><strong>faciendum</strong></span> <span class='ocrx_word' id='word_1_236' title='bbox 698 4045 712 4078; x_wconf 74' lang='lat' dir='ltr'><strong><em>z</em></strong></span> <span class='ocrx_word' id='word_1_237' title='bbox 744 4025 932 4082; x_wconf 74' lang='lat' dir='ltr'><strong>Ferrea</strong></span> <span class='ocrx_word' id='word_1_238' title='bbox 959 4027 1154 4080; x_wconf 81' lang='lat' dir='ltr'><strong>lamina</strong></span> <span class='ocrx_word' id='word_1_239' title='bbox 1205 4043 1378 4080; x_wconf 72' lang='lat' dir='ltr'><strong>sumu·</strong></span> 
     </span>
    </p>
   </div>
   <div class='ocr_carea' id='block_1_13' title="bbox 803 1472 2491 1568">
    <p class='ocr_par' dir='ltr' id='par_1_16' title="bbox 803 1472 2491 1568">
     <span class='ocr_line' id='line_1_45' title="bbox 803 1472 2491 1568; baseline -0.001 -25"><span class='ocrx_word' id='word_1_240' title='bbox 803 1525 824 1552; x_wconf 85' lang='lat'>‚</span> <span class='ocrx_word' id='word_1_241' title='bbox 875 1487 952 1543; x_wconf 90' lang='lat' dir='ltr'><strong>ut</strong></span> <span class='ocrx_word' id='word_1_242' title='bbox 1002 1474 1234 1568; x_wconf 80' lang='lat' dir='ltr'><strong>parieti</strong></span> <span class='ocrx_word' id='word_1_243' title='bbox 1299 1477 1545 1544; x_wconf 85' lang='lat' dir='ltr'><strong>siccato</strong></span> <span class='ocrx_word' id='word_1_244' title='bbox 1598 1497 1750 1542; x_wconf 83' lang='lat' dir='ltr'><strong>cera</strong></span> <span class='ocrx_word' id='word_1_245' title='bbox 1821 1474 2068 1541; x_wconf 84' lang='lat' dir='ltr'><strong>Punica</strong></span> <span class='ocrx_word' id='word_1_246' title='bbox 2134 1497 2286 1543; x_wconf 88' lang='lat' dir='ltr'><strong>cum</strong></span> <span class='ocrx_word' id='word_1_247' title='bbox 2344 1472 2491 1542; x_wconf 84' lang='lat' dir='ltr'><strong>oleo</strong></span> 
     </span>
    </p>
   </div>
   <div class='ocr_carea' id='block_1_14' title="bbox 1459 1643 2493 4094">
    <p class='ocr_par' dir='ltr' id='par_1_17' title="bbox 1460 1643 2491 2349">
     <span class='ocr_line' id='line_1_46' title="bbox 1475 1643 2491 1713; baseline 0.001 -17"><span class='ocrx_word' id='word_1_248' title='bbox 1475 1655 1605 1696; x_wconf 88' lang='lat' dir='ltr'><strong>tur:</strong></span> <span class='ocrx_word' id='word_1_249' title='bbox 1638 1643 1691 1696; x_wconf 89' lang='lat' dir='ltr'><strong>in</strong></span> <span class='ocrx_word' id='word_1_250' title='bbox 1714 1661 1775 1696; x_wconf 91' lang='lat' dir='ltr'><strong>ea</strong></span> <span class='ocrx_word' id='word_1_251' title='bbox 1802 1643 2025 1696; x_wconf 85' lang='lat' dir='ltr'><strong>minium</strong></span> <span class='ocrx_word' id='word_1_252' title='bbox 2052 1643 2392 1713; x_wconf 82' lang='lat' dir='ltr'><strong>imponatur:</strong></span> <span class='ocrx_word' id='word_1_253' title='bbox 2424 1645 2491 1697; x_wconf 90' lang='lat' dir='ltr'><strong>ad</strong></span> 
     </span>
     <span class='ocr_line' id='line_1_47' title="bbox 1471 1721 2491 1794; baseline 0.001 -19"><span class='ocrx_word' id='word_1_254' title='bbox 1471 1723 1647 1794; x_wconf 75' lang='lat' dir='ltr'><strong>ignem</strong></span> <span class='ocrx_word' id='word_1_255' title='bbox 1704 1723 2025 1788; x_wconf 79' lang='lat' dir='ltr'><strong>collocetur,</strong></span> <span class='ocrx_word' id='word_1_256' title='bbox 2075 1721 2251 1776; x_wconf 86' lang='lat' dir='ltr'><strong>donec</strong></span> <span class='ocrx_word' id='word_1_257' title='bbox 2300 1722 2491 1776; x_wconf 81' lang='lat' dir='ltr'><strong>lsmina</strong></span> 
     </span>
     <span class='ocr_line' id='line_1_48' title="bbox 1467 1799 2491 1873; baseline -0.001 -17"><span class='ocrx_word' id='word_1_258' title='bbox 1467 1800 1793 1856; x_wconf 76' lang='lat' dir='ltr'><strong>candescat:</strong></span> <span class='ocrx_word' id='word_1_259' title='bbox 1826 1819 1991 1873; x_wconf 85' lang='lat' dir='ltr'><strong>quum</strong></span> <span class='ocrx_word' id='word_1_260' title='bbox 2020 1819 2050 1853; x_wconf 87' lang='lat' dir='ltr'><strong>e</strong></span> <span class='ocrx_word' id='word_1_261' title='bbox 2073 1799 2307 1854; x_wconf 83' lang='lat' dir='ltr'><strong>candore</strong></span> <span class='ocrx_word' id='word_1_262' title='bbox 2334 1803 2491 1855; x_wconf 79' lang='lat' dir='ltr'><strong>color</strong></span> 
     </span>
     <span class='ocr_line' id='line_1_49' title="bbox 1467 1881 2491 1952; baseline 0.001 -19"><span class='ocrx_word' id='word_1_263' title='bbox 1467 1882 1775 1934; x_wconf 81' lang='lat' dir='ltr'><strong>immutatus</strong></span> <span class='ocrx_word' id='word_1_264' title='bbox 1792 1881 1954 1934; x_wconf 77' lang='lat' dir='ltr'><strong>fuerit</strong></span> <span class='ocrx_word' id='word_1_265' title='bbox 1970 1921 1986 1945; x_wconf 87' lang='lat'><strong>,</strong></span> <span class='ocrx_word' id='word_1_266' title='bbox 2004 1881 2215 1952; x_wconf 82' lang='lat' dir='ltr'><strong>eritque</strong></span> <span class='ocrx_word' id='word_1_267' title='bbox 2237 1893 2368 1947; x_wconf 77' lang='lat' dir='ltr'><strong>ater,</strong></span> <span class='ocrx_word' id='word_1_268' title='bbox 2388 1883 2491 1934; x_wconf 84' lang='lat' dir='ltr'><strong>tol-</strong></span> 
     </span>
     <span class='ocr_line' id='line_1_50' title="bbox 1463 1960 2479 2030; baseline 0.003 -18"><span class='ocrx_word' id='word_1_269' title='bbox 1463 1962 1605 2014; x_wconf 78' lang='lat' dir='ltr'><strong>latur</strong></span> <span class='ocrx_word' id='word_1_270' title='bbox 1628 1961 1823 2014; x_wconf 85' lang='lat' dir='ltr'><strong>lamina</strong></span> <span class='ocrx_word' id='word_1_271' title='bbox 1848 1961 1917 2013; x_wconf 86' lang='lat' dir='ltr'><strong>ab</strong></span> <span class='ocrx_word' id='word_1_272' title='bbox 1946 1960 2100 2030; x_wconf 76' lang='lat' dir='ltr'><strong>igne:</strong></span> <span class='ocrx_word' id='word_1_273' title='bbox 2128 1970 2184 2012; x_wconf 89' lang='lat' dir='ltr'><strong>et</strong></span> <span class='ocrx_word' id='word_1_274' title='bbox 2204 1961 2249 2012; x_wconf 82' lang='lat' dir='ltr'><strong>si</strong></span> <span class='ocrx_word' id='word_1_275' title='bbox 2270 1961 2479 2030; x_wconf 74' lang='lat' dir='ltr'><strong>refrige-</strong></span> 
     </span>
     <span class='ocr_line' id='line_1_51' title="bbox 1465 2039 2485 2111; baseline 0 -19"><span class='ocrx_word' id='word_1_276' title='bbox 1465 2053 1637 2094; x_wconf 77' lang='lat' dir='ltr'><strong>ratum</strong></span> <span class='ocrx_word' id='word_1_277' title='bbox 1662 2042 1971 2094; x_wconf 73' lang='lat' dir='ltr'><strong>restituatur</strong></span> <span class='ocrx_word' id='word_1_278' title='bbox 1995 2040 2051 2092; x_wconf 86' lang='lat' dir='ltr'><strong>in</strong></span> <span class='ocrx_word' id='word_1_279' title='bbox 2078 2039 2361 2111; x_wconf 80' lang='lat' dir='ltr'><strong>pristinum</strong></span> <span class='ocrx_word' id='word_1_280' title='bbox 2392 2059 2485 2092; x_wconf 88' lang='lat' dir='ltr'><strong>co·</strong></span> 
     </span>
     <span class='ocr_line' id='line_1_52' title="bbox 1462 2119 2481 2189; baseline 0 -18"><span class='ocrx_word' id='word_1_281' title='bbox 1462 2119 1657 2182; x_wconf 74' lang='lat' dir='ltr'><strong>iorem,</strong></span> <span class='ocrx_word' id='word_1_282' title='bbox 1688 2119 1799 2172; x_wconf 80' lang='lat' dir='ltr'><strong>sine</strong></span> <span class='ocrx_word' id='word_1_283' title='bbox 1823 2120 1955 2173; x_wconf 78' lang='lat' dir='ltr'><strong>vitio</strong></span> <span class='ocrx_word' id='word_1_284' title='bbox 1976 2137 2033 2172; x_wconf 87' lang='lat' dir='ltr'><strong>se</strong></span> <span class='ocrx_word' id='word_1_285' title='bbox 2058 2137 2167 2174; x_wconf 83' lang='lat' dir='ltr'><strong>esse</strong></span> <span class='ocrx_word' id='word_1_286' title='bbox 2192 2119 2443 2189; x_wconf 79' lang='lat' dir='ltr'><strong>probabit</strong></span> <span class='ocrx_word' id='word_1_287' title='bbox 2470 2143 2481 2171; x_wconf 93' lang='lat'>:</span> 
     </span>
     <span class='ocr_line' id='line_1_53' title="bbox 1461 2199 2483 2270; baseline 0 -18"><span class='ocrx_word' id='word_1_288' title='bbox 1461 2200 1544 2252; x_wconf 87' lang='lat' dir='ltr'><strong>sin</strong></span> <span class='ocrx_word' id='word_1_289' title='bbox 1563 2211 1737 2253; x_wconf 88' lang='lat' dir='ltr'><strong>autem</strong></span> <span class='ocrx_word' id='word_1_290' title='bbox 1751 2199 2099 2270; x_wconf 58' lang='lat' dir='ltr'><strong>permanserit</strong></span> <span class='ocrx_word' id='word_1_291' title='bbox 2112 2199 2269 2268; x_wconf 73' lang='lat' dir='ltr'><strong>nigro</strong></span> <span class='ocrx_word' id='word_1_292' title='bbox 2286 2199 2483 2264; x_wconf 87' lang='lat' dir='ltr'><strong>colore,</strong></span> 
     </span>
     <span class='ocr_line' id='line_1_54' title="bbox 1460 2277 2397 2349; baseline -0.001 -19"><span class='ocrx_word' id='word_1_293' title='bbox 1460 2277 1852 2349; x_wconf 75' lang='lat' dir='ltr'><strong>significabitse</strong></span> <span class='ocrx_word' id='word_1_294' title='bbox 1874 2295 1987 2330; x_wconf 75' lang='lat' dir='ltr'><strong>esse</strong></span> <span class='ocrx_word' id='word_1_295' title='bbox 2013 2277 2306 2332; x_wconf 77' lang='lat' dir='ltr'><strong>vitiatum.»</strong></span> <span class='ocrx_word' id='word_1_296' title='bbox 2332 2279 2397 2330; x_wconf 84' lang='grc' dir='ltr'><strong>Η.</strong></span> 
     </span>
    </p>

    <p class='ocr_par' dir='ltr' id='par_1_18' title="bbox 1459 2355 2485 2888">
     <span class='ocr_line' id='line_1_55' title="bbox 1546 2355 2482 2412; baseline -0.004 0"><span class='ocrx_word' id='word_1_297' title='bbox 1546 2377 1635 2412; x_wconf 75' lang='lat'><strong>21.</strong></span> <span class='ocrx_word' id='word_1_298' title='bbox 1666 2358 1726 2412; x_wconf 82' lang='lat' dir='ltr'><strong>Si</strong></span> <span class='ocrx_word' id='word_1_299' title='bbox 1750 2377 1845 2410; x_wconf 78' lang='lat' dir='ltr'><strong>non</strong></span> <span class='ocrx_word' id='word_1_300' title='bbox 1877 2362 1944 2410; x_wconf 76' lang='lat' dir='ltr'><strong>sie</strong></span> <span class='ocrx_word' id='word_1_301' title='bbox 1972 2376 2158 2410; x_wconf 71' lang='lat' dir='ltr'><strong>aunem.</strong></span> <span class='ocrx_word' id='word_1_302' title='bbox 2198 2355 2482 2410; x_wconf 82' lang='lat' dir='ltr'><strong>Philander</strong></span> 
     </span>
     <span class='ocr_line' id='line_1_56' title="bbox 1461 2435 2485 2506; baseline -0.002 -16"><span class='ocrx_word' id='word_1_303' title='bbox 1461 2449 1745 2490; x_wconf 83' lang='lat' dir='ltr'><strong>comment.</strong></span> <span class='ocrx_word' id='word_1_304' title='bbox 1778 2439 1833 2490; x_wconf 88' lang='lat' dir='ltr'><strong>in</strong></span> <span class='ocrx_word' id='word_1_305' title='bbox 1860 2437 1956 2489; x_wconf 83' lang='lat' dir='ltr'><strong>lib.</strong></span> <span class='ocrx_word' id='word_1_306' title='bbox 1970 2437 2138 2500; x_wconf 83' lang='lat' dir='ltr'><strong>vm,</strong></span> <span class='ocrx_word' id='word_1_307' title='bbox 2166 2451 2283 2506; x_wconf 86' lang='lat' dir='ltr'><strong>cap.</strong></span> <span class='ocrx_word' id='word_1_308' title='bbox 2314 2435 2367 2488; x_wconf 87' lang='lat'><strong>8.</strong></span> <span class='ocrx_word' id='word_1_309' title='bbox 2390 2438 2485 2488; x_wconf 83' lang='lat' dir='ltr'><strong>vi-</strong></span> 
     </span>
     <span class='ocr_line' id='line_1_57' title="bbox 1464 2517 2482 2586; baseline -0.001 -16"><span class='ocrx_word' id='word_1_310' title='bbox 1464 2528 1609 2570; x_wconf 77' lang='lat' dir='ltr'><strong>truv.</strong></span> <span class='ocrx_word' id='word_1_311' title='bbox 1641 2517 1797 2586; x_wconf 73' lang='lat' dir='ltr'><strong>legit,</strong></span> <span class='ocrx_word' id='word_1_312' title='bbox 1834 2520 1881 2569; x_wconf 81' lang='lat' dir='ltr'><strong>si</strong></span> <span class='ocrx_word' id='word_1_313' title='bbox 1918 2535 2015 2568; x_wconf 74' lang='lat' dir='ltr'><strong>non</strong></span> <span class='ocrx_word' id='word_1_314' title='bbox 2049 2520 2119 2569; x_wconf 78' lang='lat' dir='ltr'><strong>eie</strong></span> <span class='ocrx_word' id='word_1_315' title='bbox 2142 2535 2337 2586; x_wconf 77' lang='lat' dir='ltr'><strong>purum.</strong></span> <span class='ocrx_word' id='word_1_316' title='bbox 2366 2517 2482 2586; x_wconf 73' lang='lat' dir='ltr'><strong>Ego</strong></span> 
     </span>
     <span class='ocr_line' id='line_1_58' title="bbox 1459 2595 2481 2667; baseline 0 -19"><span class='ocrx_word' id='word_1_317' title='bbox 1459 2596 1599 2648; x_wconf 87' lang='lat' dir='ltr'><strong>nihil</strong></span> <span class='ocrx_word' id='word_1_318' title='bbox 1636 2607 1814 2661; x_wconf 87' lang='lat' dir='ltr'><strong>muto,</strong></span> <span class='ocrx_word' id='word_1_319' title='bbox 1848 2613 2161 2667; x_wconf 83' lang='lat' dir='ltr'><strong>sensumque</strong></span> <span class='ocrx_word' id='word_1_320' title='bbox 2192 2595 2336 2649; x_wconf 87' lang='lat' dir='ltr'><strong>hunc</strong></span> <span class='ocrx_word' id='word_1_321' title='bbox 2367 2615 2481 2649; x_wconf 79' lang='lat' dir='ltr'><strong>esse</strong></span> 
     </span>
     <span class='ocr_line' id='line_1_59' title="bbox 1461 2673 2483 2745; baseline -0.001 -17"><span class='ocrx_word' id='word_1_322' title='bbox 1461 2675 1725 2729; x_wconf 85' lang='lat' dir='ltr'><strong>arbitror:</strong></span> <span class='ocrx_word' id='word_1_323' title='bbox 1756 2673 1815 2728; x_wconf 86' lang='lat' dir='ltr'><strong>si</strong></span> <span class='ocrx_word' id='word_1_324' title='bbox 1845 2693 2034 2729; x_wconf 83' lang='lat' dir='ltr'><strong>aurum</strong></span> <span class='ocrx_word' id='word_1_325' title='bbox 2059 2675 2214 2736; x_wconf 86' lang='lat' dir='ltr'><strong>desit,</strong></span> <span class='ocrx_word' id='word_1_326' title='bbox 2244 2693 2350 2745; x_wconf 88' lang='lat' dir='ltr'><strong>quo</strong></span> <span class='ocrx_word' id='word_1_327' title='bbox 2382 2679 2483 2727; x_wconf 87' lang='lat' dir='ltr'><strong>mi-</strong></span> 
     </span>
     <span class='ocr_line' id='line_1_60' title="bbox 1461 2753 2483 2825; baseline -0.001 -18"><span class='ocrx_word' id='word_1_328' title='bbox 1461 2754 1541 2807; x_wconf 87' lang='lat' dir='ltr'><strong>nii</strong></span> <span class='ocrx_word' id='word_1_329' title='bbox 1560 2753 1772 2808; x_wconf 75' lang='lat' dir='ltr'><strong>bonitas</strong></span> <span class='ocrx_word' id='word_1_330' title='bbox 1797 2753 2075 2825; x_wconf 82' lang='lat' dir='ltr'><strong>probetur,</strong></span> <span class='ocrx_word' id='word_1_331' title='bbox 2102 2753 2229 2808; x_wconf 81' lang='lat' dir='ltr'><strong>ferri</strong></span> <span class='ocrx_word' id='word_1_332' title='bbox 2258 2753 2483 2808; x_wconf 83' lang='lat' dir='ltr'><strong>cauden·-</strong></span> 
     </span>
     <span class='ocr_line' id='line_1_61' title="bbox 1461 2831 2319 2888; baseline -0.002 0"><span class='ocrx_word' id='word_1_333' title='bbox 1461 2834 1529 2888; x_wconf 81' lang='lat' dir='ltr'><strong>tis</strong></span> <span class='ocrx_word' id='word_1_334' title='bbox 1546 2834 1744 2887; x_wconf 72' lang='lat' dir='ltr'><strong>lamina</strong></span> <span class='ocrx_word' id='word_1_335' title='bbox 1770 2832 1827 2886; x_wconf 82' lang='lat' dir='ltr'><strong>id</strong></span> <span class='ocrx_word' id='word_1_336' title='bbox 1844 2831 2161 2887; x_wconf 75' lang='lat' dir='ltr'><strong>faciendum.</strong></span> <span class='ocrx_word' id='word_1_337' title='bbox 2186 2835 2319 2886; x_wconf 79' lang='lat' dir='ltr'><strong>Du..</strong></span> 
     </span>
    </p>

    <p class='ocr_par' dir='ltr' id='par_1_19' title="bbox 1462 2911 2493 3779">
     <span class='ocr_line' id='line_1_62' title="bbox 1546 2911 2478 2985; baseline -0.001 -19"><span class='ocrx_word' id='word_1_338' title='bbox 1546 2933 1639 2966; x_wconf 70' lang='lat' dir='ltr'><strong>aa.</strong></span> <span class='ocrx_word' id='word_1_339' title='bbox 1664 2913 1793 2966; x_wconf 72' lang='lat' dir='ltr'><strong>Solis</strong></span> <span class='ocrx_word' id='word_1_340' title='bbox 1813 2925 1955 2985; x_wconf 79' lang='lat' dir='ltr'><strong>atque</strong></span> <span class='ocrx_word' id='word_1_341' title='bbox 1980 2913 2139 2977; x_wconf 74' lang='lat' dir='ltr'><strong>lutea,</strong></span> <span class='ocrx_word' id='word_1_342' title='bbox 2165 2911 2478 2966; x_wconf 78' lang='lat' dir='ltr'><strong>etc.Vitruv.</strong></span> 
     </span>
     <span class='ocr_line' id='line_1_63' title="bbox 1463 2991 2493 3047; baseline 0 -3"><span class='ocrx_word' id='word_1_343' title='bbox 1463 2991 1567 3047; x_wconf 76' lang='lat' dir='ltr'><strong>loc.</strong></span> <span class='ocrx_word' id='word_1_344' title='bbox 1599 2993 1686 3046; x_wconf 85' lang='lat' dir='ltr'><strong>cit.</strong></span> <span class='ocrx_word' id='word_1_345' title='bbox 1717 3017 1741 3040; x_wconf 84' lang='lat'><strong>·</strong></span> <span class='ocrx_word' id='word_1_346' title='bbox 1770 2993 2001 3046; x_wconf 79' lang='lat' dir='ltr'><strong>Minium</strong></span> <span class='ocrx_word' id='word_1_347' title='bbox 2037 2992 2269 3045; x_wconf 80' lang='lat' dir='ltr'><strong>efficitur</strong></span> <span class='ocrx_word' id='word_1_348' title='bbox 2304 3004 2493 3046; x_wconf 73' lang='lat' dir='ltr'><strong>tener·-</strong></span> 
     </span>
     <span class='ocr_line' id='line_1_64' title="bbox 1463 3071 2479 3142; baseline 0.001 -18"><span class='ocrx_word' id='word_1_349' title='bbox 1463 3086 1650 3126; x_wconf 70' lang='lat' dir='ltr'><strong>natur·</strong></span> <span class='ocrx_word' id='word_1_350' title='bbox 1664 3109 1682 3136; x_wconf 88' lang='lat'><strong>,</strong></span> <span class='ocrx_word' id='word_1_351' title='bbox 1702 3084 1757 3125; x_wconf 88' lang='lat' dir='ltr'><strong>et</strong></span> <span class='ocrx_word' id='word_1_352' title='bbox 1777 3072 1977 3126; x_wconf 76' lang='lat' dir='ltr'><strong>viribus</strong></span> <span class='ocrx_word' id='word_1_353' title='bbox 1998 3071 2278 3125; x_wconf 82' lang='lat' dir='ltr'><strong>imbecilla.</strong></span> <span class='ocrx_word' id='word_1_354' title='bbox 2295 3073 2479 3142; x_wconf 89' lang='lat' dir='ltr'><strong>Itaque</strong></span> 
     </span>
     <span class='ocr_line' id='line_1_65' title="bbox 1463 3151 2477 3223; baseline 0 -19"><span class='ocrx_word' id='word_1_355' title='bbox 1463 3169 1631 3223; x_wconf 87' lang='lat' dir='ltr'><strong>quum</strong></span> <span class='ocrx_word' id='word_1_356' title='bbox 1663 3151 1817 3205; x_wconf 82' lang='lat' dir='ltr'><strong>estin</strong></span> <span class='ocrx_word' id='word_1_357' title='bbox 1836 3151 2247 3223; x_wconf 79' lang='lat' dir='ltr'><strong>expolitionibus</strong></span> <span class='ocrx_word' id='word_1_358' title='bbox 2268 3155 2477 3206; x_wconf 85' lang='lat' dir='ltr'><strong>concla-</strong></span> 
     </span>
     <span class='ocr_line' id='line_1_66' title="bbox 1462 3229 2477 3303; baseline -0.001 -19"><span class='ocrx_word' id='word_1_359' title='bbox 1462 3231 1613 3284; x_wconf 77' lang='lat' dir='ltr'><strong>vium</strong></span> <span class='ocrx_word' id='word_1_360' title='bbox 1628 3269 1645 3294; x_wconf 85' lang='lat'><strong><em>‚</em></strong></span> <span class='ocrx_word' id='word_1_361' title='bbox 1666 3231 1901 3284; x_wconf 81' lang='lat' dir='ltr'><strong>tectoriis</strong></span> <span class='ocrx_word' id='word_1_362' title='bbox 1928 3229 2203 3284; x_wconf 86' lang='lat' dir='ltr'><strong>inductum</strong></span> <span class='ocrx_word' id='word_1_363' title='bbox 2219 3253 2249 3295; x_wconf 91' lang='lat'><strong>,·</strong></span> <span class='ocrx_word' id='word_1_364' title='bbox 2271 3247 2477 3303; x_wconf 84' lang='lat' dir='ltr'><strong>perma-</strong></span> 
     </span>
     <span class='ocr_line' id='line_1_67' title="bbox 1463 3309 2479 3382; baseline -0.001 -19"><span class='ocrx_word' id='word_1_365' title='bbox 1463 3323 1558 3364; x_wconf 87' lang='lat' dir='ltr'><strong>net</strong></span> <span class='ocrx_word' id='word_1_366' title='bbox 1594 3311 1709 3364; x_wconf 87' lang='lat' dir='ltr'><strong>sine</strong></span> <span class='ocrx_word' id='word_1_367' title='bbox 1742 3309 1883 3364; x_wconf 81' lang='lat' dir='ltr'><strong>vitiis</strong></span> <span class='ocrx_word' id='word_1_368' title='bbox 1914 3329 2013 3363; x_wconf 82' lang='lat' dir='ltr'><strong>suo</strong></span> <span class='ocrx_word' id='word_1_369' title='bbox 2040 3309 2241 3364; x_wconf 84' lang='lat' dir='ltr'><strong>colore.</strong></span> <span class='ocrx_word' id='word_1_370' title='bbox 2267 3313 2479 3382; x_wconf 78' lang='lat' dir='ltr'><strong>Apertis</strong></span> 
     </span>
     <span class='ocr_line' id='line_1_68' title="bbox 1466 3389 2479 3464; baseline 0 -22"><span class='ocrx_word' id='word_1_371' title='bbox 1466 3407 1595 3442; x_wconf 76' lang='lat' dir='ltr'><strong>vero</strong></span> <span class='ocrx_word' id='word_1_372' title='bbox 1618 3389 1801 3443; x_wconf 83' lang='lat' dir='ltr'><strong>locis...</strong></span> <span class='ocrx_word' id='word_1_373' title='bbox 1836 3407 1944 3462; x_wconf 83' lang='lat' dir='ltr'><strong>quo</strong></span> <span class='ocrx_word' id='word_1_374' title='bbox 1976 3389 2055 3441; x_wconf 85' lang='lat' dir='ltr'><strong>sol</strong></span> <span class='ocrx_word' id='word_1_375' title='bbox 2086 3402 2140 3443; x_wconf 91' lang='lat' dir='ltr'><strong>et</strong></span> <span class='ocrx_word' id='word_1_376' title='bbox 2166 3390 2291 3443; x_wconf 75' lang='lat' dir='ltr'><strong>luna</strong></span> <span class='ocrx_word' id='word_1_377' title='bbox 2318 3391 2479 3464; x_wconf 80' lang='lat' dir='ltr'><strong>possit</strong></span> 
     </span>
     <span class='ocr_line' id='line_1_69' title="bbox 1463 3467 2478 3539; baseline 0.003 -19"><span class='ocrx_word' id='word_1_378' title='bbox 1463 3468 1771 3539; x_wconf 84' lang='lat' dir='ltr'><strong>splendores</strong></span> <span class='ocrx_word' id='word_1_379' title='bbox 1832 3481 1886 3522; x_wconf 88' lang='lat' dir='ltr'><strong>et</strong></span> <span class='ocrx_word' id='word_1_380' title='bbox 1938 3467 2115 3522; x_wconf 79' lang='lat' dir='ltr'><strong>radios</strong></span> <span class='ocrx_word' id='word_1_381' title='bbox 2166 3470 2478 3530; x_wconf 79' lang='lat' dir='ltr'><strong>immittere,</strong></span> 
     </span>
     <span class='ocr_line' id='line_1_70' title="bbox 1463 3547 2480 3620; baseline -0.003 -19"><span class='ocrx_word' id='word_1_382' title='bbox 1463 3567 1629 3620; x_wconf 80' lang='lat' dir='ltr'><strong>quum</strong></span> <span class='ocrx_word' id='word_1_383' title='bbox 1664 3549 1733 3602; x_wconf 81' lang='lat' dir='ltr'><strong>ab</strong></span> <span class='ocrx_word' id='word_1_384' title='bbox 1764 3549 1829 3602; x_wconf 84' lang='lat' dir='ltr'><strong>iis</strong></span> <span class='ocrx_word' id='word_1_385' title='bbox 1867 3549 1998 3604; x_wconf 85' lang='lat' dir='ltr'><strong>locis</strong></span> <span class='ocrx_word' id='word_1_386' title='bbox 2039 3550 2293 3620; x_wconf 77' lang='lat' dir='ltr'><strong>tangitur,</strong></span> <span class='ocrx_word' id='word_1_387' title='bbox 2332 3547 2480 3599; x_wconf 79' lang='lat' dir='ltr'><strong>vitia-</strong></span> 
     </span>
     <span class='ocr_line' id='line_1_71' title="bbox 1463 3623 2475 3694; baseline -0.006 -13"><span class='ocrx_word' id='word_1_388' title='bbox 1463 3641 1579 3694; x_wconf 87' lang='lat' dir='ltr'><strong>tur,</strong></span> <span class='ocrx_word' id='word_1_389' title='bbox 1603 3640 1657 3682; x_wconf 91' lang='lat' dir='ltr'><strong>et</strong></span> <span class='ocrx_word' id='word_1_390' title='bbox 1682 3628 1869 3682; x_wconf 74' lang='lat' dir='ltr'><strong>amissa</strong></span> <span class='ocrx_word' id='word_1_391' title='bbox 1902 3629 2103 3682; x_wconf 78' lang='lat' dir='ltr'><strong>virtute</strong></span> <span class='ocrx_word' id='word_1_392' title='bbox 2127 3629 2346 3688; x_wconf 76' lang='lat' dir='ltr'><strong>caloris,</strong></span> <span class='ocrx_word' id='word_1_393' title='bbox 2378 3623 2475 3676; x_wconf 77' lang='lat' dir='ltr'><strong>de-</strong></span> 
     </span>
     <span class='ocr_line' id='line_1_72' title="bbox 1465 3707 1961 3779; baseline 0 -19"><span class='ocrx_word' id='word_1_394' title='bbox 1465 3709 1754 3779; x_wconf 72' lang='lat' dir='ltr'><strong>aigi-atur.»</strong></span> <span class='ocrx_word' id='word_1_395' title='bbox 1732 3707 1961 3761; x_wconf 63' lang='lat' dir='ltr'><strong>nmen.</strong></span> 
     </span>
    </p>

    <p class='ocr_par' dir='ltr' id='par_1_20' title="bbox 1550 3783 2476 3840">
     <span class='ocr_line' id='line_1_73' title="bbox 1550 3783 2476 3840; baseline -0.008 0"><span class='ocrx_word' id='word_1_396' title='bbox 1550 3787 1639 3840; x_wconf 78' lang='lat'><strong>23.</strong></span> <span class='ocrx_word' id='word_1_397' title='bbox 1664 3787 1956 3840; x_wconf 71' lang='lat' dir='ltr'><strong>Remedium.</strong></span> <span class='ocrx_word' id='word_1_398' title='bbox 1982 3787 2195 3839; x_wconf 83' lang='lat' dir='ltr'><strong>Vitruv.</strong></span> <span class='ocrx_word' id='word_1_399' title='bbox 2240 3785 2345 3835; x_wconf 85' lang='lat' dir='ltr'><strong>loc.</strong></span> <span class='ocrx_word' id='word_1_400' title='bbox 2384 3783 2476 3834; x_wconf 84' lang='lat' dir='ltr'><strong>cit.</strong></span> 
     </span>
    </p>

    <p class='ocr_par' dir='ltr' id='par_1_21' title="bbox 1465 3861 2479 4094">
     <span class='ocr_line' id='line_1_74' title="bbox 1472 3861 2477 3954; baseline -0.003 -35.843"><span class='ocrx_word' id='word_1_401' title='bbox 1472 3869 1595 3919; x_wconf 70' lang='lat' dir='ltr'><strong>uAt</strong></span> <span class='ocrx_word' id='word_1_402' title='bbox 1652 3866 1817 3938; x_wconf 75' lang='lat' dir='ltr'><strong>siquis</strong></span> <span class='ocrx_word' id='word_1_403' title='bbox 1874 3865 2117 3918; x_wconf 82' lang='lat' dir='ltr'><strong>subtilior</strong></span> <span class='ocrx_word' id='word_1_404' title='bbox 2166 3861 2359 3954; x_wconf 79' lang='lat' dir='ltr'><strong>fuerit,</strong></span> <span class='ocrx_word' id='word_1_405' title='bbox 2424 3875 2477 3915; x_wconf 84' lang='lat' dir='ltr'><strong>et</strong></span> 
     </span>
     <span class='ocr_line' id='line_1_75' title="bbox 1465 3925 2479 4033; baseline -0.003 -34"><span class='ocrx_word' id='word_1_406' title='bbox 1465 3947 1693 4000; x_wconf 78' lang='lat' dir='ltr'><strong>voluerit</strong></span> <span class='ocrx_word' id='word_1_407' title='bbox 1744 3944 2127 4033; x_wconf 73' lang='lat' dir='ltr'><strong>expolitionem</strong></span> <span class='ocrx_word' id='word_1_408' title='bbox 2166 3925 2479 3996; x_wconf 73' lang='lat' dir='ltr'><strong>miniaceam</strong></span> 
     </span>
     <span class='ocr_line' id='line_1_76' title="bbox 1465 4023 2481 4094; baseline -0.004 -16"><span class='ocrx_word' id='word_1_409' title='bbox 1465 4043 1619 4079; x_wconf 86' lang='lat' dir='ltr'><strong>suum</strong></span> <span class='ocrx_word' id='word_1_410' title='bbox 1647 4025 1879 4078; x_wconf 78' lang='lat' dir='ltr'><strong>colorem</strong></span> <span class='ocrx_word' id='word_1_411' title='bbox 1908 4023 2166 4087; x_wconf 84' lang='lat' dir='ltr'><strong>retinere,</strong></span> <span class='ocrx_word' id='word_1_412' title='bbox 2198 4039 2407 4094; x_wconf 74' lang='lat' dir='ltr'><strong>quum¹</strong></span> <span class='ocrx_word' id='word_1_413' title='bbox 2386 4041 2481 4075; x_wconf 70' lang='lat' dir='ltr'><strong>’ia-</strong></span> 
     </span>
    </p>
   </div>
   <div class='ocr_carea' id='block_1_15' title="bbox 2156 4115 2245 4216">
    <p class='ocr_par' dir='ltr' id='par_1_22' title="bbox 2156 4115 2245 4216">
     <span class='ocr_line' id='line_1_77' title="bbox 2156 4115 2245 4216; baseline 0 -50"><span class='ocrx_word' id='word_1_414' title='bbox 2156 4115 2245 4216; x_wconf 83' lang='lat'><strong>73</strong></span> 
     </span>
    </p>
   </div>
  </div>
 </body>
</html>
