2975 4684
1095 356 1400 439 LIBER
1454 355 1775 422 XXXV.
2365 348 2494 418 361

484 484 973 555 Adnumeratur
1000 486 1104 554 his
1136 500 1203 554 et
1240 485 1664 604 Nicophanes
1709 483 1970 612 elegans
2007 497 2085 564 et.
2109 483 2504 567 concinnus,
2541 488 2614 551 46

383 593 472 659 ita
506 606 582 661 ut
620 605 962 660 venustate
1003 593 1059 658 ei
1107 593 1299 684 pauci
1346 575 1887 686 comparenturffi.
1919 588 2304 656 Cothurnus
2340 589 2399 655 ei
2441 601 2509 655 et

381 699 667 790 gravitas
698 695 913 765 artis¹⁹
920 697 1275 766 ,Multum
1306 723 1344 766 a
1368 696 1662 767 Zeuxide
1694 711 1760 764 et
1803 693 2024 788 Apelle
2054 694 2237 762 abest
2262 692 2532 786 Apellis

382 802 738 896 discipulus
770 753 1215 888 Perseusrad
1260 829 1452 896 quem
1500 803 1582 872 de
1627 802 1752 870 hac
1793 815 1934 868 arte
1977 801 2256 894 scripsit.
2293 799 2508 892 Hujus

382 907 596 977 fuerat
629 911 834 977 aetatis
867 907 1249 978 Aristides²⁰
1284 909 1584 979 Thebani
1619 905 1998 1001 discipulus.
2045 902 2403 974 Fuerunt²¹
2445 918 2512 974 et

381 1011 533 1097 filii,
574 1015 871 1109 Niceros,
912 1029 978 1082 et
1007 1013 1331 1083 Ariston²²
1336 1067 1356 1100 ,
1398 1017 1586 1108 cujus
1621 1028 1720 1083 est
1757 1015 2028 1106 Satyrus
2064 1036 2217 1080 cum
2259 1011 2512 1104 scypho

382 1134 756 1189 coronatus
786 1107 1171 1213 Discipuli'³
1177 1172 1197 1204 ‚
1239 1121 1590 1190 Antorides
1617 1135 1684 1188 et
1701 1115 2124 1212 Euphranor,
2167 1116 2248 1184 de
2274 1116 2512 1210 quibus

382 1249 539 1292 mox
574 1225 893 1294 dicemus.

486 1333 839 1399 XXXVII.
860 1333 1167 1424 Namque
1190 1333 1448 1401 subtexi
1476 1357 1598 1426 par
1628 1346 1727 1400 est
1754 1329 2027 1398 minoris
2052 1324 2356 1420 picturae¹
2397 1350 2510 1394 ce·
2555 1358 2576 1391 ι

381 1433 646 1505 lehre-s
631 1462 694 1504 ιιι
734 1435 1077 1529 penicillo,
1115 1461 1151 1504 e
1190 1439 1428 1530 quibus
1478 1438 1606 1505 fuit
1654 1430 2000 1530 Pyreicus²
2036 1456 2050 1498 :
2099 1447 2262 1560 arte3
2289 1433 2515 1577 paucis
2626 1517 2631 1521 .

382 1541 885 1634 postferendus·
928 1543 1307 1636 proposito,
1342 1545 1569 1611 nescio
1611 1566 1696 1610 an
1729 1538 2124 1609 destruxerit
2153 1521 2262 1604 se³
2288 1561 2511 1629 :quo-

380 1697 589 1752 vocavit
618 1697 887 1768 Raphael3
933 1709 985 1749 et
1011 1697 1243 1768 antiquis
1274 1699 1407 1752 mul-

380 1789 495 1829 tum
523 1776 803 1845 placuere,
832 1788 893 1830 ut
926 1788 1070 1848 patet
1115 1796 1178 1831 ex
1210 1791 1292 1831 tot
1318 1797 1407 1831 eo·

379 1875 500 1908 rum
536 1856 892 1908 monumentis
911 1894 925 1918 ,
948 1873 1066 1926 quae
1082 1869 1402 1926 supersunt,

380 1947 435 1987 et
494 1935 714 2004 picturis
772 1933 1267 1989 Herculanensibus.
1324 1937 1402 1989 Ex

380 2015 529 2067 Brot.
555 2024 692 2066 nott.
720 2011 787 2065 ad
814 2013 958 2066 hunc
978 2014 1171 2068 locum.
1193 2016 1300 2067 En.

466 2111 489 2144 1
504 2097 555 2146 8.
578 2094 659 2146 Ita
686 2105 741 2144 ut
771 2103 1017 2145 venustate
1042 2099 1089 2145 ei
1106 2097 1402 2162 pancionem-

376 2184 621 2242 parentur.
639 2172 727 2226 Sic
740 2171 963 2224 totidem
992 2173 1147 2244 plane
1168 2173 1402 2245 syllabis,

376 2269 479 2323 ‘nec
498 2251 741 2321 pluribus
756 2287 773 2313 ‚
800 2251 948 2305 MSS.
964 2254 1095 2324 Reg.
1116 2273 1147 2304 α
1164 2289 1181 2315 ,
1204 2265 1257 2304 et
1276 2251 1403 2304 Pin-

383 2331 529 2384 timi.
546 2330 695 2382 Libri
718 2328 850 2383 editi
876 2331 1135 2402 adjiciunt
1159 2330 1244 2384 his
1264 2332 1402 2384 mul-

382 2421 461 2474 ta,
488 2408 581 2462 scd
598 2411 854 2479 spur-ia.-
796 2430 808 2441 ·
833 2411 951 2463 «Ita
970 2423 1031 2462 ut
1049 2422 1253 2464 vetusta
1280 2429 1403 2482 ope-

382 2507 443 2540 re
462 2487 698 2557 pingeret
718 2501 936 2559 propter
956 2489 1301 2542 aternitatem
1322 2507 1403 2542 re·

382 2585 537 2631 rum,
560 2568 840 2636 impetuosi
856 2586 1051 2632 ammi
1066 2580 1121 2620 et
1139 2570 1228 2622 cui
1246 2569 1399 2639 pauci

388 2658 829 2716 comparentur.»
808 2648 1046 2702 »Harum

468 2745 490 2779 ι
504 2745 557 2794 9.
585 2725 910 2778 cothurnum
884 2731 931 2779 ei
954 2739 1002 2779 et
1018 2729 1236 2796 gravitas
1262 2729 1399 2778 artis.

342 2763 349 2770 ·
384 2803 639 2874 pingendi
679 2805 815 2856 ratio
858 2805 1073 2874 grandis
1102 2842 1120 2864 2
1164 2805 1361 2858 excelsa
1386 2844 1401 2870 ,

382 2882 593 2936 nobilis.
637 2882 781 2934 Galli
822 2881 1011 2935 dicunt
1037 2921 1053 2946 ,
1104 2884 1153 2934 la
1198 2887 1407 2936 muniere

380 2961 573 3030 grande
598 2972 647 3011 ee
676 2961 829 3012 noble.
876 2962 1179 3014 Cothurnos
1212 2960 1404 3015 indue-

382 3041 516 3094 bant
544 3037 787 3109 tragoedi,
814 3057 981 3110 quum
1009 3041 1067 3092 in
1091 3042 1297 3094 theatro
1324 3043 1401 3094 fa-

382 3121 565 3173 bulam
590 3119 757 3171 acturi
782 3131 935 3172 erant
958 3138 971 3172 :
994 3116 1135 3172 unde
1165 3139 1265 3191 pm
1292 3122 1401 3174 alto

384 3212 437 3252 et
496 3210 809 3269 exaggerato
861 3197 1070 3251 dicendi
1101 3239 1117 3266 ,

385 3277 612 3332 faciendi
638 3295 829 3348 genere
861 3279 1209 3349 accipiuntur.
1238 3281 1401 3334 Hora-

382 3357 491 3410 tius
521 3359 575 3410 in
602 3359 729 3410 Arte
752 3375 767 3410 ι
814 3381 837 3406 ι
858 3359 1015 3412 Hunc
1040 3359 1179 3411 socci
1212 3377 1401 3430 cepere

384 3435 599 3506 pedem,
629 3434 957 3508 grandesque
988 3437 1255 3491 cothurni.
1278 3463 1300 3485 ι
1328 3439 1399 3493 Η.

468 3535 556 3570 20.
586 3517 928 3586 Hetjusfieerat
958 3521 1115 3569 (etatis
1138 3517 1399 3574 Aristides.

386 3593 465 3646 Ita
490 3595 695 3666 egregie
720 3597 846 3666 neg.
876 3616 903 3648 2
924 3635 941 3662 ,
966 3615 1129 3668 quum
1158 3597 1213 3650 in
1242 3595 1399 3650 editis

382 3672 631 3728 hactenus
665 3675 815 3728 libris
856 3677 1031 3728 omnia
1058 3677 1397 3745 perturbata,

386 3751 759 3825 immutatnque
808 3755 882 3808 sic
922 3755 1165 3826 legantur
1197 3774 1213 3808 ι
1263 3781 1285 3803 ι
1311 3756 1397 3808 Ad

384 3849 540 3904 quem
566 3833 635 3886 de
656 3834 753 3888 hnc
780 3847 895 3888 arte
926 3835 1163 3905 scripsit,
1182 3834 1275 3907 qui
1306 3836 1404 3888 hu-

386 3913 467 3978 jus
513 3912 615 3966 fnit
662 3914 838 3967 matis.
893 3913 1133 3968 Aristidis
1156 3915 1403 3968 Thebani

389 3987 635 4060 discipuli
656 3994 869 4048 fuerunt
884 4033 900 4060 ,
918 4007 1014 4048 etc.
1029 4022 1050 4044 ι
1074 3995 1153 4048 De
1166 3993 1402 4048 Aristide

1187 3199 1426 3253 afiudve·

1495 1698 1754 1752 Thebano
1773 1696 1976 1749 dictum
2001 1695 2260 1765 superius.
2279 1694 2418 1747 Huic
2439 1693 2519 1747 di-

1495 1777 1761 1848 scipulum
1793 1777 1954 1829 fuisse
1974 1774 2348 1844 cog-nominem
2373 1793 2518 1826 nunc

1494 1856 1700 1908 Plinius
1727 1869 2004 1908 asseverat.
2039 1855 2218 1906 sssum.

1577 1956 1606 1988 2
1623 1955 1641 1988 1
1657 1974 1669 1986 .
1685 1934 1918 1986 Fuermet.
1947 1935 2116 2003 Hujus
2143 1933 2268 1996 filii,
2293 1932 2396 1984 hcc
2418 1944 2515 1997 est,

1493 2013 1700 2077 Persei,
1723 2033 1833 2065 non
1865 2011 2129 2066 Aristidis.
2152 2011 2332 2063 Humi

1579 2113 1665 2146 υ.
1697 2093 1898 2145 Niceros
1916 2105 1963 2144 et
1981 2093 2204 2160 Ariston.
2229 2092 2442 2160 Νίκιρως
2461 2103 2517 2143 et

1493 2164 1732 2242 Ᾰρίστων.
1758 2173 1840 2224 Ita
1859 2173 1991 2242 Reg.
2019 2193 2047 2222 2
2071 2183 2124 2223 et
2147 2170 2254 2222 alii.
2277 2171 2338 2222 In
2365 2169 2516 2222 libris

1493 2250 1650 2306 editis
1678 2252 1977 2320 Aristippus.
1997 2250 2210 2302 Ariston
2233 2248 2277 2301 is
2303 2245 2518 2300 videtur

1492 2347 1632 2397 esse,
1671 2328 1740 2382 de
1771 2349 1879 2402 quo
1913 2329 2174 2388 XXXIV,
2214 2346 2302 2396 ¹9·
2331 2327 2512 2379 Ηιιιιι.

1577 2409 1666 2462 23.
1700 2410 1961 2479 Discipuli.
2003 2407 2252 2482 EJusdem
2295 2406 2474 2459 Persei
2497 2445 2514 2470 ,

1492 2490 1644 2557 cujus
1673 2489 1767 2540 filii
1797 2488 2039 2558 proxime
2068 2487 2334 2559 appellati.
2367 2486 2434 2538 H.

1571 2567 1805 2619 XXVII.
1839 2585 1887 2619 1.
1917 2568 2123 2619 Minoris
2143 2571 2366 2637 pictur-te.
2398 2565 2516 2616 Mo·

1491 2644 1624 2698 dico
1651 2645 2046 2718 amplitudinis,
2078 2647 2140 2697 de
2157 2649 2282 2716 petit
2305 2647 2512 2697 volume.

1491 2723 1671 2777 Ham).

1577 2823 1627 2857 2.
1651 2804 1900 2876 Pyret'cus.
1923 2803 2170 2856 Meminit
2186 2801 2516 2874 Propertius,

1489 2883 1586 2936 tib.
1622 2884 1733 2946 111,
1781 2883 1914 2953 eleg.
1953 2887 1984 2937 8
2005 2921 2019 2945 ‚
2050 2900 2113 2935 ex
2145 2882 2516 2936 emendatione

1489 2961 1741 3016 Ber-oaldi
1763 2983 1774 3012 :
1798 2989 1821 3010 ι
1831 2963 2088 3034 Pyreicus
2102 2980 2266 3031 parva
2283 2961 2519 3016 vindicat

1488 3055 1600 3094 arte
1623 3041 1822 3096 locum.
1847 3067 1868 3087 ι
1907 3041 2066 3093 Prius
2097 3040 2241 3111 apud
2283 3042 2517 3112 Proper·

1488 3121 1624 3172 tium
1653 3121 1946 3172 Parrhasius
1987 3120 2280 3190 legebatur.
2325 3123 2386 3173 In
2408 3122 2517 3174 Pli-

1486 3199 1660 3252 nianis
1679 3198 1838 3252 codd.
1857 3199 2008 3252 MSS.
2025 3199 2224 3252 Peticus
2243 3213 2296 3253 et
2312 3201 2518 3254 Pmctus

1488 3279 1732 3350 legimus.
1750 3279 1897 3344 Quid
1919 3279 2076 3332 statui
2090 3293 2234 3332 certe
2251 3279 2318 3332 de
2337 3299 2398 3334 ee
2419 3299 2517 3334 vo·

1489 3376 1552 3410 ce
1579 3372 1851 3428 oporteat,
1871 3360 2152 3413 haeremus.
2173 3361 2359 3413 Hanno.

1573 3438 1626 3491 3.
1653 3439 1914 3509 'Proposito
1927 3474 1943 3496 ,
1969 3442 2126 3491 nescio
2145 3460 2209 3492 an
2231 3439 2519 3492 destruxerit

1488 3537 1555 3569 se.
1571 3517 1903 3572 concinnior
1916 3519 2074 3573 lectio
2087 3519 2347 3581 detriverit,
2356 3534 2515 3587 quam

1491 3597 1798 3652 destruxerit.
1832 3599 1968 3652 Du..
1997 3631 2074 3642 —-
2089 3598 2361 3667 Proposito.
2386 3594 2515 3646 Pro-

1493 3677 1665 3748 posito
1693 3695 1824 3731 vero
1849 3697 1949 3732 suo
1965 3717 1980 3742 ,
2008 3678 2062 3730 in
2079 3676 2372 3729 humilibus
2393 3691 2516 3743 ope-

1493 3756 1642 3809 ribus
1661 3756 1916 3810 herendo
1935 3799 1950 3821 ,
1977 3756 2155 3808 nescio
2177 3772 2240 3805 nn
2265 3771 2374 3806 non
2402 3751 2514 3821 ipse

1491 3835 1796 3890 adversatus
1818 3837 1882 3889 sit
1903 3857 1914 3886 :
1941 3852 2061 3888 nem
2087 3832 2210 3885 licet
2232 3849 2318 3883 ves
2335 3829 2515 3884 humi-

1486 3915 1566 3968 les
1593 3917 1860 3988 pinxerit,
1905 3932 2000 3984 per
2028 3929 2115 3963 eas
2135 3923 2310 3963 tamen
2333 3911 2517 3980 ingen·

1492 4008 1598 4050 tem
1625 3997 1680 4048 in
1709 4013 1776 4048 eo
1803 4010 1983 4046 rerum
2012 3989 2298 4044 humilium
2322 4007 2513 4061 genere
