2975 4684
1057 297 1358 366 LIBER
1430 299 1777 366 xxxlv.
2284 353 2294 360 .
2346 283 2491 392 145'

363 425 672 494 membris
723 429 1016 521 ipsorum
1071 425 1488 496 similitudine
1559 451 1895 522 expressa,
1954 452 2119 521 quas
2189 433 2474 508 iconicas

361 545 603 599 vocant
619 517 666 597 ⁴.
709 532 1138 602 Athenienses
1173 535 1394 602 nescio
1431 555 1514 600 an
1550 535 1748 626 primi
1783 532 2075 601 omnium
2110 538 2473 612 Harmodio

362 647 428 702 et
479 638 904 731 Aristogitoni
932 624 955 661 ⁵
999 638 1419 731 tyrannicidis
1494 636 1753 732 publice
1814 641 2153 732 posuerint
2204 657 2469 717 statuas.

361 742 508 810 Hoc
544 756 762 843 aptum
808 757 908 812 est
941 742 1173 812 eodem
1216 768 1424 829 anno,
1461 767 1594 836 quo
1638 756 1708 812 et
1749 767 1935 839 reges
1990 747 2221 815 Romae
2276 750 2469 924 pissi.

359 847 652 940 Excepta
683 846 918 917 deinde
947 873 1050 918 res
1077 862 1177 917 est
1213 873 1251 916 a
1285 863 1428 917 toto
1459 848 1621 916 orbe
1648 862 1969 916 terrarum
1998 848 2395 952 humanissr
2430 881 2471 926 a

361 951 731 1021 ambitione.
805 957 892 1022 Et
935 955 1070 1046 jam
1129 955 1423 1023 omnium
1464 955 1975 1046 municipiorum
2030 955 2193 1028 foris
2240 974 2471 1032 statuae

361 1071 816 1127 ornamentum
865 1083 1004 1128 esse
1047 1083 1304 1154 coepere
1325 1112 1345 1145 ‚
1387 1060 1861 1154 prorogarique
1904 1065 2221 1131 memoria
2257 1065 2470 1138 homi·

361 1185 553 1247 num,
583 1177 649 1231 et
675 1163 962 1233 honores
997 1163 1256 1259 legendi
1291 1150 1468 1232 aevo⁶
1506 1164 1769 1245 basibus
1805 1165 2099 1252 inscribi,
2138 1193 2223 1237 ne
2258 1171 2327 1237 in
2369 1198 2469 1242 se-

359 1265 602 1360 pulcris
663 1284 920 1338 tantum
972 1269 1365 1364 legerentur.
1410 1271 1577 1338 Mox
1618 1267 1877 1337 forum⁷
1924 1282 1991 1336 et
2042 1271 2112 1338 in
2166 1271 2471 1346 domibus
2546 1299 2587 1400 ἱ

358 1374 630 1465 privatis
653 1375 900 1444 factum
924 1389 1122 1467 atque
1143 1377 1210 1442 in
1235 1375 1436 1442 atriis.
1467 1371 1701 1442 Honos
1723 1371 2037 1441 clientum
2068 1367 2351 1448 instituit
2382 1296 2523 1490 sies
2544 1421 2585 1500 0

358 1476 574 1547 colere
619 1494 952 1573 patronos

459 1585 547 1650 X.
563 1575 953 1676 (V.)Togatae
966 1581 1238 1678 effigies¹
1253 1584 1609 1676 antiquitus
1626 1584 1715 1650 ita
1738 1580 2141 1653 dicabantur.
2164 1585 2473 1660 Placuere
2513 1638 2537 1673 1

356 1700 424 1754 et
471 1685 665 1756 nudae
724 1702 1018 1757 tenentes
1062 1689 1349 1772 hastam,
1407 1689 1491 1758 ab
1564 1684 1971 1782 epheborum
2027 1714 2063 1757 e
2118 1698 2472 1784 gymnasiis

358 1792 842 1886 exemplaribus
861 1847 879 1880 ,
907 1816 1068 1886 quas
1091 1791 1450 1862 Achilleas²
1479 1807 1739 1878 vocant.
1762 1795 1993 1862 Graeca
2022 1819 2126 1864 res
2148 1811 2279 1881 est,
2310 1801 2475 1871 nihil

439 1930 493 1986 4.
540 1924 676 1992 Quas
699 1927 906 1976 ι’σοπίσω
925 1935 1120 1978 vocant.
1148 1923 1375 1977 Εἰκοναὰ
1459 1923 1667 1977 Plinius
1707 1935 1889 1975 auctor
1927 1935 2040 1990 ωτι
2078 1943 2196 1998 cap.
2241 1945 2309 1997 19
2350 1929 2475 1986 libri

356 2001 626 2074 ἀγάλματα
643 2014 792 2054 vocat
809 2003 1110 2068 Athenaeus,
1135 2003 1179 2066 1,
1198 2003 1241 2055 si
1261 2020 1374 2055 me·
1459 2003 1638 2075 hujus.
1661 1999 1845 2054 Haut».

353 2080 500 2133 mini.
531 2081 801 2134 leonicum
837 2083 1176 2135 simulacrum
1200 2082 1372 2134 Tran-

354 2159 545 2230 quillus
575 2161 630 2213 in
662 2161 925 2231 Caligula,
956 2179 1070 2231 cap.
1096 2179 1180 2214 xz..
1207 2161 1373 2214 Erant

355 2238 675 2308 ejuscemodi
712 2253 894 2294 statuoe
920 2239 985 2292 iis
1024 2239 1368 2304 hominibus,

353 2334 582 2387 quorum
609 2320 836 2390 speciem
855 2319 1174 2382 referebant,
1199 2336 1365 2390 pares.

353 2395 578 2466 Hajores
602 2398 926 2451 vocabantur
957 2399 1196 2466 Augusta
1223 2417 1242 2450 .-
1272 2397 1370 2450 Co-

355 2473 468 2526 bmc'
496 2475 646 2546 longe
676 2477 935 2529 maximo.
974 2477 1130 2530 Cura
1157 2474 1212 2527 id
1242 2476 1369 2530 Hel·

352 2551 608 2609 lanodicis
642 2556 830 2619 fuisse,
867 2555 1134 2608 Lucienus
1164 2568 1241 2609 est
1275 2573 1370 2608 au-

353 2643 491 2696 otor,
512 2635 559 2686 ἐν
579 2642 648 2704 τῷ
661 2635 782 2704 ὑπὲρ
798 2635 1010 2698 εἰκόνων,
1023 2635 1121 2687 sub
1133 2632 1364 2693 initium,

353 2721 416 2762 ut
436 2713 611 2772 ιίκόνις
630 2714 936 2782 ieonis-paret
961 2725 1159 2774 essent,
1185 2730 1253 2764 ue
1278 2730 1366 2766 au-

351 2789 608 2858 gustiores
645 2791 868 2854 scilicet,
910 2791 1236 2861 majoresque
1263 2791 1365 2842 hu-

353 2884 511 2920 mana
538 2905 554 2932 ,
620 2867 1024 2922 Hieronicarum
1095 2867 1276 2938 figura
1337 2888 1366 2923 a

353 2945 712 3016 sculptoribus
789 2947 1224 3016 exprimerentur.
1297 2948 1369 3000 Et

353 3022 507 3076 Plato
533 3025 586 3076 in
609 3021 836 3076 Phaedro
867 3013 1230 3095 εἴπισχνοῦμαι
1253 3045 1369 3095 χρυ-

353 3107 444 3158 effi·
490 3103 651 3158 εἰκόνα
694 3104 1008 3174 ἰσομέτρητον
1061 3105 1128 3164 εἰς
1165 3105 1368 3174 Διλφοὺς

355 3181 631 3238 ἀναθήσειν.
657 3181 839 3234 Hann-

435 3260 488 3314 5.
531 3261 802 3312 Harmodio
841 3273 890 3312 et
929 3261 1272 3330 Aristogitoni.
1317 3261 1364 3313 Ii

348 3338 609 3394 Pisistrati
669 3339 784 3392 mio
839 3339 1146 3411 Hipparcho
1199 3340 1362 3393 iuter-

350 3433 558 3490 empto,
589 3418 838 3471 servitute
872 3419 1209 3473 Athenienses
1230 3419 1367 3472 libe-

349 3509 617 3551 taverunt.
637 3497 914 3550 Pausanias
929 3499 982 3550 in
997 3498 1198 3552 Atticis.
1216 3497 1368 3550 Hane

349 3575 624 3631 historiam
666 3573 788 3626 vide
840 3575 1048 3646 prolixe
1097 3575 1369 3628 recitatam

351 3654 494 3726 apud
509 3653 756 3726 Thucyd.
785 3653 992 3706 lib.V1.
1019 3653 1372 3706 Dum-Har·

354 3733 668 3787 nodioNide
675 3733 734 3786 Pl
742 3731 943 3786 utareb.
957 3731 1012 3784 in
1023 3733 1370 3804 Antiphonte,

351 3809 420 3864 de
453 3809 636 3867 decem
674 3811 979 3866 rhetoribus
992 3847 1010 3876 ,
1042 3811 1296 3882 aliosque.
1325 3814 1372 3865 A

353 3887 608 3946 Praxitele
631 3891 924 3946 elaboratas
942 3907 1053 3945 esse
1071 3889 1166 3944 has
1184 3903 1374 3946 statuas

509 3989 628 4055 ΙΧ.

1542 2088 1596 2134 6.
1625 2080 1775 2134 AEvo.
1807 2079 2052 2134 Posteris.
2077 2079 2255 2138 Hann.

1541 2180 1592 2231 7.
1619 2160 1740 2212 Mox
1749 2160 1918 2225 sorum
1932 2171 1981 2209 et
1994 2165 2044 2212 e'n
2060 2161 2289 2216 domibus.
2304 2165 2474 2230 Quas-

1457 2239 1590 2292 libet
1628 2240 1855 2310 privatas
1900 2237 2037 2291 aedes
2092 2239 2315 2296 totidem
2362 2245 2477 2302 fora

1456 2316 1641 2371 credas
1662 2335 1770 2371 esse
1800 2335 1814 2367 :
1845 2328 1925 2369 tot
1956 2329 2079 2370 sunt
2108 2319 2379 2376 instructa.-
2405 2324 2477 2378 si-

1453 2397 1572 2467 gnis
1622 2395 1856 2466 singulm.
1908 2395 2081 2453 Simili
2139 2400 2479 2456 translatione

1455 2475 1721 2550 populum
1746 2472 2037 2544 imaginum
2057 2479 2295 2546 superius
2321 2478 2475 2546 dixit,

1455 2553 1733 2618 XXXIII,
1765 2553 1860 2616 45.
1889 2549 2069 2607 Hsan,

1534 2634 1603 2686 X.
1652 2650 1673 2684 ι
1686 2671 1699 2684 .
1750 2631 1955 2699 Togatoe
1990 2631 2172 2702 effigies
2214 2639 2477 2710 antiquitus

1454 2713 1527 2762 ita
1564 2711 1869 2763 dicabantur.
1916 2711 2105 2764 Ancon.
2151 2711 2368 2770 Pedian.
2420 2719 2475 2771 in

1453 2803 1588 2844 orat.
1631 2789 1803 2842 Cicer.
1852 2804 1951 2856 pro
1992 2789 2071 2841 M.
2106 2790 2301 2845 Scauro
2319 2833 2335 2858 ,
2378 2798 2478 2852 sub

1451 2867 1613 2921 finem
1632 2907 1649 2933 ,
1674 2869 1931 2922 Catonem
1955 2867 2027 2919 ait
2054 2894 2075 2915 ι
2106 2881 2341 2941 togatum
2364 2873 2478 2928 sine

1455 2947 1633 3000 tunica
1669 2943 1960 3000 exercuisse
1986 2945 2276 3016 judicium,
2309 2951 2365 3006 in
2397 2953 2479 3006 fo.

1455 3045 1682 3098 rumque
1740 3025 1814 3077 sie
1869 3021 2201 3080 descendisse
2222 3067 2239 3092 ‚
2287 3032 2478 3103 jusque

1455 3103 1679 3167 dixisse3
1719 3100 1887 3173 idque
1922 3106 2177 3172 reperisse
2210 3125 2273 3159 ex
2311 3112 2478 3168 veteri

1455 3180 1840 3236 consuetudine
1860 3220 1875 3242 ,
1913 3181 2202 3237 secundum
2232 3205 2389 3260 quam
2424 3204 2477 3244 et

1454 3261 1671 3314 Romuli
1702 3259 1862 3328 astatis
1885 3271 2065 3312 statute
2089 3262 2145 3315 in
2179 3263 2445 3336 Capitolio
2464 3310 2480 3334 ‚

1453 3352 1508 3392 et
1526 3341 1583 3392 in
1608 3340 1814 3392 Rostris
1836 3338 2075 3404 Camilli,
2098 3342 2315 3398 fuerunt
2338 3359 2479 3419 toga-

1454 3431 1523 3471 to
1536 3419 1647 3472 sine
1664 3418 1870 3471 tunicis.
1896 3441 1917 3462 ι
1942 3416 2187 3474 Meminit
2209 3435 2261 3475 et
2274 3425 2479 3478 Plinius

1455 3497 1588 3550 alter
1628 3497 1683 3549 in
1726 3498 1917 3567 Paneg.
1958 3497 2204 3570 ijani,
2250 3520 2304 3554 n.
2350 3501 2419 3558 ⁵5
2460 3524 2472 3554 :

1464 3602 1486 3624 ι
1516 3576 1779 3630 visuntur
1806 3573 1990 3628 eadem
2014 3596 2043 3630 e
2067 3579 2285 3632 materia
2312 3581 2479 3634 Cosa·

1457 3657 1533 3708 ris
1554 3669 1761 3722 statuo,
1782 3673 1885 3730 qua
1917 3655 2209 3710 Brutorum
2223 3693 2241 3720 ,
2260 3676 2362 3728 qua
2386 3657 2479 3712 Ca·

1458 3735 1747 3788 miliorum.
1780 3763 1803 3785 a
1838 3733 2022 3789 Hann.

1545 3815 1741 3882 motuis
1756 3815 2021 3868 Achilleas.
2040 3813 2240 3866 Notum
2255 3812 2477 3869 Achillia

1458 3889 1621 3947 decus
1653 3905 1708 3946 et
1728 3905 1964 3948 tutamen
1980 3928 1997 3958 ,
2035 3890 2199 3942 hasta.
2236 3891 2415 3947 Hann-

2152 4007 2234 4054 10
