2975 4684
1069 400 1368 471 LIBER
1408 402 1767 471 XXXIV.
2352 428 2388 475 2
2408 432 2426 475 ι
2445 432 2482 502 7

380 538 588 635 pubis.
634 534 854 607 Idem⁷
893 548 1111 604 autem
1153 536 1223 601 in
1263 533 1758 603 medicamentis
1791 546 1858 602 et
1900 547 2208 603 santerna
2244 534 2488 627 efficit,

378 668 509 738 qua
544 627 852 712 diximus⁸
882 664 1113 711 aurum
1147 638 1597 726 ferruminati,
1639 662 1923 732 ususque
1958 641 2336 735 utriusque,
2376 646 2488 737 qui

381 750 700 843 aeruginis.
739 744 1068 817 Scolecia⁹
1110 744 1185 813 fit
1216 758 1280 814 et
1312 767 1433 838 per
1464 768 1562 830 se,
1601 744 1830 815 derasa
1863 745 1948 813 ab
1977 748 2207 816 aerario
2240 746 2489 842 lapide,

380 854 465 922 de
502 879 635 947 quo
672 878 848 923 nunc
883 852 1191 921 dicemus

483 962 741 1028 XXIX.
780 956 1105 1028 Chalcitin
1145 970 1390 1025 vocant
1439 953 1722 1049 lapidem
1744 1006 1762 1038 ‚
1813 980 1894 1060 eg:
1951 982 2082 1050 quo
2143 958 2355 1051 ipsum
2405 984 2489 1029 aes

380 1066 700 1157 coquitur.
730 1065 948 1133 Distat
976 1087 1014 1131 a
1043 1062 1297 1131 cadmia
1314 1060 1359 1148 ¹,
1395 1061 1570 1154 quod
1601 1060 1710 1129 illa
1739 1084 1934 1155 super
1961 1076 2202 1130 terram
2229 1089 2310 1133 ex
2344 1064 2490 1134 sub·

380 1168 656 1238 dialibus
681 1172 883 1264 petris
900 1166 919 1192 ²
952 1168 1243 1251 caeditur,
1270 1167 1411 1236 haec
1438 1192 1518 1235 ex
1555 1168 1830 1236 obrutis,
1860 1169 2027 1236 Item
2050 1219 2067 1252 ‚
2095 1168 2274 1260 quod
2300 1170 2488 1239 chal-

380 1276 521 1343 citis
577 1274 728 1344 friat
771 1300 839 1343 se
886 1275 1135 1357 statim,
1190 1270 1403 1340 mollis
1448 1287 1682 1340 natura
1702 1326 1722 1359 ‚
1757 1285 1848 1339 ut
1895 1271 2194 1341 videatur
2247 1272 2488 1368 lanugo

379 1394 705 1448 concreta.
748 1382 867 1447 Est
910 1394 976 1447 et
1018 1377 1141 1445 alia
1185 1375 1517 1445 distinctio
1555 1376 1733 1469 quod
1767 1375 2060 1446 chalcitis
2097 1379 2222 1445 tria
2251 1404 2490 1472 genera

378 1486 707 1567 continet,
750 1484 929 1567 aeris,
971 1497 1039 1550 et
1086 1482 1364 1573 misyos»,
1414 1494 1481 1548 et
1511 1505 1774 1573 soryOS,
1817 1481 1900 1549 de
1941 1480 2181 1611 quibus
2223 1482 2491 1577 singulis

378 1574 703 1657 dicemus³
731 1590 863 1656 suis
894 1586 1072 1655 locis.
1119 1585 1337 1653 Habet
1375 1598 1594 1653 autem
1633 1609 1722 1653 εει
1723 1609 1780 1653 1s
1799 1572 1823 1615 ⁴
1867 1572 2106 1655 venas⁵
2149 1586 2488 1681 oblongas.

380 1693 709 1761 Probatur
760 1690 973 1761 mellei
1022 1688 1257 1761 coloris
1273 1742 1293 1776 ‚
1334 1689 1559 1797 gracili
1599 1713 1916 1759 venarum
1954 1691 2290 1778 discursu,
2333 1694 2488 1762 fria-

381 1796 563 1885 bilis,
604 1821 725 1865 nec
779 1780 1123 1890 lapidosa⁶.
1184 1798 1425 1864 Putant
1465 1810 1534 1863 et
1572 1810 1903 1865 recentem
1941 1795 2270 1867 utiliorem
2315 1822 2453 1869 esse
2469 1852 2489 1886 ‚

1560 2049 1612 2082 a.
1659 2026 1966 2081 Subdc’alc'bus
2003 2032 2171 2100 petris.
2223 2031 2334 2084 Sub
2395 2029 2488 2084 dio

1473 2107 1736 2180 expositis.
1767 2108 1947 2161 thn.

1557 2190 1610 2241 3.
1661 2188 1906 2239 Dicemus.
1954 2186 2142 2257 Capite
2188 2188 2486 2253 tricesimo,

1473 2249 1622 2341 quod
1648 2266 1904 2336 sequitur,
1928 2278 1982 2319 et
2003 2266 2269 2319 tricesimo
2293 2266 2486 2336 primo.

1474 2347 1542 2401 Η.
1571 2376 1650 2387 -
1676 2346 1910 2399 Chalc-itis
1927 2347 2024 2397 tria
2041 2364 2221 2414 genera
2242 2348 2486 2405 contient..

1472 2438 1574 2479 etc.
1619 2426 1700 2477 De
1736 2422 2046 2486 chalcitide,
2088 2425 2222 2493 misy
2253 2438 2306 2477 et
2331 2442 2488 2496 sot-y,

1474 2506 1545 2557 ct.
1568 2505 1696 2556 Exc.
1721 2504 1776 2554 H
1798 2502 1864 2554 ad
1889 2504 2016 2556 calc.
2038 2503 2152 2573 huj.
2180 2503 2272 2555 lib.
2305 2504 2406 2555 En.

376 2048 458 2083 nae
490 2042 641 2101 parte
670 2027 738 2081 ad
767 2028 897 2082 duas
932 2029 1065 2082 aceti
1160 2040 1265 2084 rtes
1290 2029 1385 2083 ad-

376 2108 505 2162 dita.
539 2108 705 2161 Aliter
737 2109 917 2161 Diosc.
944 2109 981 2160 1.
1014 2126 1062 2163 c.
1092 2048 1296 2180 gemin
1328 2105 1389 2164 δᾶ

375 2188 461 2241 καὶ
492 2190 681 2259 εὔχρους
722 2191 909 2258 γίνεται
948 2190 1102 2257 ἄγαν,
1134 2188 1215 2241 ἐὰν
1254 2189 1385 2251 ὄξους

376 2267 463 2335 μὶν
486 2266 617 2337 λάῧῃ
652 2269 793 2338 μέρος
816 2269 891 2324 ἓν,
920 2268 1053 2337 οὔρου
1087 2262 1148 2319 δὲ
1174 2274 1387 2321 παλαιοῦ

376 2349 493 2415 μέρη
519 2342 631 2409 δύο,
662 2346 729 2399 τὰ
754 2342 807 2398 δ’
830 2346 974 2411 ἄλλα,
1001 2349 1063 2406 ὡς
1084 2349 1383 2417 προείρηται.

382 2450 407 2471 ι
436 2424 635 2479 Efficax
658 2437 835 2479 autem
870 2436 922 2477 et
949 2424 1103 2477 valde
1137 2426 1267 2478 boni
1296 2444 1387 2478 co-

378 2504 505 2555 loris
522 2502 782 2566 redditur,
810 2503 852 2556 si
880 2500 998 2557 duze
1023 2516 1197 2574 partes
1216 2505 1387 2557 urina

379 2583 568 2636 veteris
603 2600 723 2637 cum
758 2599 864 2635 una
893 2583 1025 2637 aceti
1053 2582 1383 2653 adjiciantur,

378 2674 433 2715 et
470 2662 699 2733 reliqua,
743 2662 820 2714 uti
852 2659 1053 2716 dietum
1087 2674 1194 2724 est,
1228 2680 1384 2733 pera-

380 2753 583 2809 gantur.
622 2766 645 2788 ι
672 2740 853 2794 Esau.

462 2836 516 2887 7.
568 2820 717 2871 Idem.
766 2818 1015 2872 Totidem
1054 2820 1167 2871 fere
1212 2820 1389 2873 verbis

384 2896 559 2949 Diosc.
585 2898 657 2961 V,
698 2903 799 2959 ¹⁰4
825 2918 837 2947 :
880 2896 949 2951 de
973 2910 1217 2951 santerna
1244 2898 1386 2951 conf.

380 2993 501 3045 qun
526 2974 669 3027 diets
700 2987 823 3027 sunt
854 2975 1129 3042 XXXIII,
1166 2994 1255 3045 ²9·
1282 2976 1387 3031 En.

464 3055 518 3108 8.
573 3054 813 3105 Diximus.
868 3052 1073 3125 Nempe
1126 3054 1389 3109 anteriore

381 3133 550 3198 libro,
576 3150 692 3204 cap.
726 3151 817 3202 ²9·
842 3132 1023 3187 Ilum.

462 3230 517 3281 9.
560 3210 790 3265 Scolecia.
830 3212 985 3265 MSS.
1030 3213 1202 3266 scalea.
1244 3212 1387 3267 Fieri

378 3306 557 3345 antem
598 3304 650 3345 et
693 3310 789 3365 per
826 3310 881 3345 se
921 3292 1020 3357 ait,
1055 3292 1159 3345 hoc
1196 3304 1301 3351 est,
1336 3306 1391 3346 et

379 3370 523 3425 aliud
544 3389 713 3443 genus
738 3388 847 3425 esse
862 3408 879 3434 ,
910 3390 1019 3424 non
1053 3390 1179 3425 cura
1202 3384 1255 3425 et
1276 3384 1389 3426 arte

380 3450 667 3515 factitium,
708 3462 769 3502 ut
798 3449 949 3521 qnod
984 3451 1225 3520 proxime
1266 3464 1389 3504 ante

380 3529 632 3601 explicuit
643 3566 661 3593 ‚
678 3528 771 3582 sed
794 3541 981 3601 sponte
996 3530 1315 3600 proveniens
1328 3548 1390 3582 ac

379 3610 635 3663 nativum.
673 3608 800 3661 Hoec
832 3626 1007 3679 erugo
1036 3609 1393 3662 vermicularis
1467 3650 1479 3657 .

382 3704 412 3738 a
442 3688 616 3741 Diosc.
650 3686 841 3740 fossilis
864 3687 1177 3758 appellatur,
1199 3688 1267 3749 V,
1295 3708 1391 3758 92,

386 3765 451 3825 ἰὸς
472 3767 663 3830 σκώληξ
683 3768 895 3837 ὄρυκτός.
921 3765 1100 3819 Ηιιιι).

463 3846 660 3898 XXIX.
698 3866 744 3901 ι.
789 3847 957 3899 Distat
997 3864 1027 3896 a
1064 3846 1268 3897 cadmia.
1308 3846 1391 3898 Ab

389 3938 547 3976 arose
580 3925 673 3978 illo
723 3926 887 3979 altero
930 3923 1133 3995 lapide,
1182 3942 1244 3977 ex
1285 3943 1389 3995 quo

392 3996 503 4051 fieri
531 4020 597 4055 us
626 4002 877 4069 diximus,
908 4022 1023 4074 cap.
1055 4024 1083 4057 α
1116 4016 1169 4056 et
1200 4022 1287 4057 aa.
1322 4005 1389 4062 H.

1556 2590 1608 2647 4.
1647 2582 1814 2633 Habet
1841 2594 1994 2633 autem
2028 2601 2154 2673 cer*
2176 2591 2340 2634 vena).
2373 2582 2489 2636 Hoc

1474 2674 1580 2727 est,
1615 2660 1730 2713 nris
1769 2660 1980 2713 similes.
2013 2661 2190 2713 Diosc.
2221 2662 2295 2725 V,
2331 2678 2354 2712 1
2371 2660 2488 2714 15.

1472 2742 1712 2793 Χαλκῖτιν
1737 2741 2016 2811 προκριτίον
2048 2741 2137 2797 τὴν
2163 2735 2488 2807 χαλκοειδῆ...

1472 2819 1566 2881 τὰς
1595 2813 1700 2879 ἶνας
1733 2818 1984 2888 incutiant<
2012 2814 2098 2871 καὶ
2127 2818 2488 2879 ἀποςιλὸοὑσας

1475 2901 1699 2967 ἔχουσαν.
1749 2920 1772 2941 ι
1819 2896 2040 2967 Optima
2084 2898 2316 2951 chalcitis
2373 2898 2490 2950 aeris

1475 2978 1702 3048 speciem
1731 2977 1925 3029 refert.
1946 3015 1960 3028 .
1983 3014 1996 3029 .
2020 2975 2489 3032 intercursantibus

1472 3058 1620 3110 venis
1639 3055 1882 3126 oblongis
1894 3094 1911 3120 ,
1926 3054 2448 3126 splendentibus-quc.
2458 3080 2484 3102 a·

1472 3137 1674 3189 Auctor
1699 3134 1794 3187 lib.
1822 3132 1890 3186 de
1919 3134 2108 3205 simpl.
2137 3134 2274 3189 med.
2303 3132 2368 3188 sd
2393 3134 2492 3188 Pa-

1475 3226 1609 3267 tern.
1642 3213 1786 3284 Opp.
1821 3213 1938 3267 Gal.
1967 3225 2008 3265 t.
2037 3214 2204 3277 xm,
2239 3232 2294 3285 p.
2322 3215 2433 3285 787
2469 3232 2485 3265 z

1484 3292 1779 3347 -Cbalcitis
1799 3292 1950 3363 gleba
1972 3304 2049 3345 est
2065 3294 2343 3355 naturalis,
2370 3312 2491 3364 quo

1476 3372 1629 3425 estin
1658 3370 1838 3443 Cypro
1861 3370 2034 3425 insula
2050 3409 2066 3436 ,
2087 3390 2204 3442 quae
2231 3373 2286 3425 in
2315 3372 2490 3427 metal-

1476 3450 1542 3503 lis
1561 3451 1846 3515 invenitur,
1866 3452 2042 3504 colore
2055 3450 2491 3516 subaureorintus

1476 3548 1636 3583 venas
1663 3532 1860 3584 habens
1877 3528 2096 3585 diffusas
2111 3570 2128 3593 ‚
2152 3545 2260 3605 etc..
2282 3555 2304 3575 n
2337 3530 2408 3581 Η.

1560 3610 1762 3663 5.AEris
1782 3630 1930 3663 venas
1952 3609 2416 3679 oblongas.Longns
2435 3617 2489 3657 et

1476 3688 1809 3759 splendentes
1820 3708 1999 3742 venas.
2017 3690 2192 3740 Diosc.
2217 3683 2487 3737 serisnulla

1476 3768 1611 3823 facta
1639 3769 1922 3822 mentione.
1951 3771 2086 3821 Du..

1557 3852 1612 3903 6.
1647 3848 1911 3909 Fadius,
1954 3864 2036 3897 nec
2075 3840 2308 3911 lapidosa.
2356 3840 2487 3891 Pro-

1476 3927 1564 3980 bat
1585 3940 1638 3980 et
1657 3929 1832 3980 Diosc.
1855 3926 1955 3977 loc.
1972 3923 2061 3973 cit.
2083 3920 2358 3987 ιῦθρυπτον,
2384 3920 2496 3977 izi-

1477 4008 1552 4058 θόν
1583 4026 1664 4069 τε,
1701 4004 1782 4057 καὶ
1816 4006 1868 4055 οὐ
1900 3998 2136 4053 nazensis..
2170 3998 2350 4051 HsRn.
