2975 4684
464 397 600 469 500
644 458 647 463 .

998 400 1073 465 C.
1128 398 1453 487 PLINII
1503 400 1712 467 NAT.
1767 399 2022 467 HIST.

456 530 745 601 Sublicio
802 526 1170 623 religiosum
1234 543 1370 616 est,
1444 545 1866 625 posteaquam
1928 526 2180 600 Coclite
2199 528 2244 553 ¹⁰
2289 532 2565 599 Horatio
2675 582 2680 584 -

453 635 841 705 defendente
884 659 1056 727 aegre
1092 634 1387 703 revulsus
1431 649 1550 705 est.

532 731 801 808 XXIV.
868 742 1117 807 Verum
1160 754 1227 808 et
1268 740 1349 808 ad
1403 741 1606 810 Urbis
1650 754 1889 809 nostrae
1931 738 2246 809 miracula
2288 742 2564 809 transire

449 847 832 929 conveniat,
889 846 1540 939 nongentorumque¹
1603 871 1927 915 annorum
1983 844 2227 914 dociles
2283 848 2562 915 scrutari

450 954 649 1034 vires,
691 964 756 1019 et
801 951 892 1018 sic
935 975 1197 1044 quoque
1240 966 1562 1020 terrarum
1605 951 1833 1020 orbem
1875 952 2120 1019 victum
2165 950 2559 1019 ostendere:

444 1057 623 1150 quod
652 1055 961 1125 accidisse
990 1058 1181 1124 toties
1220 1078 1436 1149 paene,
1476 1070 1640 1151 quot
1666 1057 2033 1125 referentur
2061 1054 2376 1125 miracula
2397 1109 2416 1142 ‚
2457 1080 2565 1149 ap-

444 1161 737 1255 parebit:
770 1163 1193 1229 universitate
1219 1184 1378 1234 vero
1405 1176 1744 1244 acervata,
1775 1176 1841 1230 et
1877 1164 1944 1229 in
1967 1160 2318 1255 quemdam
2355 1184 2558 1229 unum

441 1265 777 1335 cumulum
814 1267 1109 1359 conjecta
1134 1320 1153 1349 ‚
1202 1291 1335 1336 non
1372 1267 1496 1335 alia
1539 1267 1926 1360 magnitudo
1971 1270 2262 1360 exsurgit
2287 1319 2306 1352 ‚
2356 1290 2554 1359 quam

440 1374 491 1440 si
522 1372 807 1441 mundus
836 1371 999 1441 alius
1036 1371 1300 1464 quidam
1338 1374 1405 1441 in
1446 1398 1582 1442 uno
1625 1371 1772 1441 loco
1808 1387 2204 1443 narraretur.

545 1478 717 1545 Nam
748 1492 826 1545 ut
860 1479 1109 1545 circum
1144 1478 1503 1546 maximum
1543 1502 1582 1547 a
1617 1476 1918 1548 Caesare²
1962 1478 2279 1547 dictatore
2314 1490 2559 1546 exstru-

438 1596 619 1651 ctum
657 1582 1064 1677 longitudine
1100 1582 1460 1651 stadiorum
1497 1584 1696 1651 trium
1714 1569 1762 1668 ³,
1799 1568 2140 1653 latitudine
2174 1584 2404 1668 uniuS,
2443 1583 2558 1651 sed

439 1714 591 1757 cum
628 1687 916 1756 aedificiis
954 1688 1262 1782 jugerum
1307 1702 1704 1782 quaternum
1718 1676 1767 1772 ⁶,
1810 1689 1895 1757 ad
1939 1688 2158 1758 sedem
2199 1712 2374 1758 chx
2418 1687 2555 1756 mil-

437 1792 597 1861 lium
617 1779 639 1817 ⁵
666 1795 836 1864 inter
865 1816 1105 1884 magna
1141 1816 1343 1887 opera
1370 1793 1698 1881 dicamus,
1725 1818 1947 1863 nonne
1979 1780 2180 1863 inter⁶
2209 1792 2554 1888 magnifica

434 1958 577 2010 enim
604 1957 873 2009 Formiani
912 1975 970 2009 ea
1010 1958 1145 2027 tigna
1172 1975 1450 2029 nuncupa-

430 2036 575 2089 bant.
587 2037 779 2088 Auctor
794 2034 1151 2090 Festus.1dem
1170 2036 1451 2102 roboreus,

435 2132 465 2167 a
487 2114 715 2167 trabium
734 2114 949 2168 materia
970 2113 1141 2167 dictus
1166 2113 1325 2167 Ovid.
1351 2116 1450 2169 Fa-

434 2206 561 2246 stor.
590 2192 663 2257 V,
690 2197 798 2250 622
821 2232 836 2256 ,
860 2211 1025 2265 quare
1068 2206 1120 2245 et
1152 2194 1335 2255 ξυλίνην
1371 2198 1453 2265 γέ-

434 2293 580 2344 φυραν
614 2273 927 2326 Plutarchus
952 2271 1180 2341 appellnt
1204 2272 1259 2323 in
1281 2272 1448 2326 Grac-

432 2353 563 2406 chis.
600 2352 845 2404 AEmilius
879 2368 1091 2421 quoque
1116 2351 1177 2403 P.
1201 2351 1446 2417 Victori,

432 2432 487 2484 in
518 2430 871 2499 descriptione
898 2430 1102 2490 Romoe,
1141 2454 1163 2475 ι
1192 2429 1331 2483 Pons
1358 2435 1448 2483 ΑΞ-

434 2511 631 2573 militae,
678 2508 918 2578 quiante
960 2506 1226 2562 sublicius,
1249 2534 1271 2555 a·
1306 2511 1445 2562 Dum

432 2588 667 2641 trabibus
684 2624 697 2648 ,
724 2587 831 2639 sive
859 2586 1072 2639 sublicis
1093 2586 1207 2639 sine
1228 2605 1331 2639 aere
1358 2601 1447 2641 aut

433 2667 575 2720 ferro
603 2664 742 2717 stetit
758 2702 774 2729 ‚
802 2666 886 2718 vel
926 2666 1133 2717 clavum
1172 2666 1221 2718 ei
1253 2664 1444 2719 addere

432 2744 672 2814 religioni
688 2744 791 2796 fuit
809 2764 822 2795 ε
845 2762 1007 2815 quare
1022 2762 1155 2815 pons
1174 2762 1315 2797 sacer
1328 2758 1443 2797 tum

430 2824 668 2885 habitus,
697 2836 747 2876 et
778 2824 905 2893 ἱερὰν
926 2826 1132 2894 γέφυραν
1156 2823 1327 2877 Graeci
1345 2841 1443 2875 no·

436 2903 720 2956 minarunt.
751 2902 930 2956 Hann-

517 3001 603 3034 10.
638 2982 838 3035 Coclite.
876 2980 1019 3034 Vide
1053 2999 1171 3053 quae
1210 2979 1448 3033 diximus

432 3060 523 3113 lib.
548 3060 807 3122 XXXIV,
832 3078 948 3131 cap.
983 3078 1006 3113 1
1023 3079 1072 3114 1.
1099 3061 1277 3112 Hinc.

512 3138 715 3191 XXIV.
744 3157 765 3191 1
777 3178 791 3191 .
804 3140 1268 3209 Nongeneorumque.
1288 3138 1446 3192 Scru-

434 3218 534 3270 tari
562 3215 693 3287 quid
720 3221 955 3287 potuerit
982 3217 1265 3288 nongentis
1294 3218 1443 3269 annis

434 3298 637 3368 ingenii
678 3296 760 3349 sui
800 3298 1067 3351 docilitate
1104 3296 1308 3367 anaequi
1337 3314 1442 3365 po-

432 3377 588 3447 pulus
616 3394 881 3429 romanus.
916 3378 1097 3429 Hanc.
1114 3374 1443 3441 —Nongen-

348 3484 354 3489 ·
434 3470 690 3527 torumque.
723 3454 812 3508 Sic
849 3468 900 3509 et
943 3454 1234 3519 libri,ante
1276 3450 1441 3505 Hard.

431 3533 577 3589 editi.
600 3536 747 3589 Brot.
792 3531 1117 3592 emendavit,
1150 3532 1445 3597 octingento-

434 3614 914 3747 runirlmziEZiesar-e.
956 3687 1295 3757 Designatum
1333 3688 1441 3757 jam

429 3774 557 3825 olim
584 3790 611 3824 a
638 3770 930 3840 Tarquinio
968 3766 1145 3819 Prisco
1174 3766 1443 3819 Romano·

428 3868 546 3903 rum
576 3868 695 3920 rege
736 3850 874 3901 inter
904 3845 1231 3901 Aventinum
1262 3856 1315 3895 et
1343 3842 1439 3897 Pa-

426 3930 631 3983 latium.
660 3930 843 3981 lium.

510 4008 560 4059 3.
589 4006 863 4059 Studiorum
888 4008 1043 4056 trium.
1064 4004 1181 4055 Hoc
1210 4014 1308 4067 est,
1327 4021 1441 4072 pas·

1541 1977 1698 2011 suum
1733 1978 1976 2013 ccccxxv.
2015 1958 2150 2011 Nam
2187 1956 2443 2022 stadium,
2473 1959 2554 2010 in·

1540 2034 1658 2107 quit
1700 2038 1928 2100 Plinius,
1973 2036 2028 2087 11
2051 2074 2067 2099 ,
2095 2052 2182 2089 ,ιιι
2211 2073 2227 2097 ,
2279 2058 2304 2084 ι
2337 2049 2552 2091 centum

1539 2116 1724 2186 viginti
1753 2116 1988 2185 quinque
2007 2124 2213 2165 nostros
2231 2114 2397 2167 efficit
2435 2134 2554 2184 pns-

1541 2212 1642 2247 sus.
1663 2220 1686 2240 ι
1720 2192 1897 2245 ΗΔΒ».
2237 2254 2242 2257 ¹

1621 2280 1673 2334 4.
1715 2271 1946 2339 Iugerum
1993 2282 2286 2341 quater-mem.
2335 2272 2550 2345 Singula

1531 2351 1716 2420 jugera
1732 2368 1795 2401 ex
1812 2348 1998 2403 eodem
2014 2345 2216 2415 Plinio,
2228 2351 2326 2402 lib.
2343 2352 2551 2419 XVIII,

1536 2446 1651 2498 cap.
1689 2428 1718 2480 3
1735 2465 1750 2492 ‚
1777 2426 1940 2499 pedes
1963 2430 2235 2483 continent
2259 2448 2406 2482 ccxx..
2435 2433 2507 2483 H.

1614 2505 1669 2559 ⁵.
1690 2506 1783 2558 Ad
1793 2510 1948 2559 sedem
1971 2508 2172 2561 CCLX
2183 2510 2397 2560 mistiam.
2419 2510 2546 2581 Reg-

1539 2604 1566 2637 e
1599 2597 1650 2637 et
1678 2586 1834 2639 Colh.
1867 2586 1898 2637 3
1919 2624 1933 2649 ,
1961 2604 2024 2639 ac
2050 2600 2197 2638 vetus
2223 2587 2548 2658 Delecampii

1531 2680 1645 2716 ccx..
1677 2666 1745 2716 At
1770 2665 1833 2717 P.
1855 2664 2048 2717 Victor
2069 2665 2127 2725 in
2153 2663 2322 2718 deser.
2347 2666 2548 2732 Roma,

1532 2744 1748 2813 regione
1775 2745 1924 2798 urbis
1967 2742 2274 2811 undecima,
2317 2771 2340 2792 ι
2357 2744 2548 2799 Circus

1533 2822 1820 2886 maximus,
1849 2824 1945 2894 qui
1987 2823 2130 2895 cepit
2165 2824 2281 2875 loca
2316 2836 2546 2879 trecenta

1533 2903 1795 2977 octoginta
1841 2901 2080 2973 quinque
2120 2903 2300 2957 millia.
2333 2928 2354 2949 ι
2391 2902 2547 2957 Certe

1531 2980 1792 3053 Traianus
1820 2982 2056 3053 quinque
2103 2982 2268 3035 millia
2307 2982 2544 3036 locorum

1533 3060 1724 3129 adjecit
1749 3078 1762 3111 :
1797 3060 1934 3112 forte
1961 3072 2014 3112 et
2042 3060 2128 3113 alii
2161 3062 2330 3130 plura.
2363 3062 2540 3113 Ham.

1531 3168 1613 3183 --
1635 3138 1726 3190 Ad
1736 3137 1889 3188 sedem
1898 3139 2110 3202 ,CCLX
2109 3179 2122 3191 .
2147 3141 2290 3192 Brot.
2311 3158 2371 3191 ex
2393 3139 2541 3192 MSS.

1533 3216 1691 3284 Regg.
1721 3228 1774 3267 et
1799 3212 1927 3270 edit.
1972 3218 2246 3288 principe,
2279 3218 2412 3272 CCL
2438 3218 2543 3269 mil-

1532 3295 1663 3345 lium.
1690 3294 1796 3347 En.
1934 3363 1936 3366 Ι

1615 3376 1648 3423 6
1659 3410 1671 3423 .
1692 3373 1828 3425 Inter
1845 3372 2098 3443 magnifica
2116 3364 2362 3429 basilica&
2378 3376 2524 3427 Pauli
2527 3414 2540 3427 .

1532 3450 1656 3503 Fuit
1685 3451 1772 3504 hic
1814 3454 1880 3504 L.‘
1919 3454 2163 3505 AEmilius
2194 3455 2417 3518 PauluS,
2448 3454 2541 3525 qui

1533 3530 1594 3583 C.
1639 3530 1876 3585 Marcelli
1919 3532 1976 3583 in
2019 3534 2292 3594 consulatu
2319 3534 2543 3604 collega,

1531 3626 1670 3661 anno
1708 3611 1872 3664 Urbis
1903 3611 2038 3680 703,
2085 3614 2142 3665 in
2183 3612 2360 3665 medio
2388 3614 2540 3677 foro,

1534 3700 1590 3740 ut
1611 3688 1824 3758 quidem
1853 3690 2037 3743 scribit
2064 3691 2251 3743 Cicero
2275 3690 2346 3742 ad
2379 3692 2538 3743 Attio.

1529 3766 1625 3820 lib.
1663 3768 1763 3832 lv,
1796 3786 1880 3840 ep.
1923 3774 1990 3822 16
2011 3808 2025 3833 ,
2057 3768 2320 3819 basilicam
2345 3787 2540 3820 novam

1529 3846 2094 3917 magnificentissimam
2136 3847 2408 3897 exstruxit.
2439 3848 2543 3898 Ex-

1529 3938 1630 3979 stat
1658 3926 1815 3996 hujus
1835 3926 2035 3995 insigne
2057 3938 2458 3977 mouumentum
2484 3925 2540 3977 in

1531 4022 1658 4057 num
1665 4024 1752 4057 mo
1765 4016 1940 4060 vetere
1949 4003 2118 4073 gentis
2130 4003 2542 4075 AEmilio,quem
