2975 4684
478 359 621 456 576

1016 363 1092 431 o.
1146 362 1493 469 rL1N11
1539 363 1756 432 NAT.
1810 363 2057 432 msT.
2143 329 2148 340 '

474 495 639 570 vidit
662 508 821 563 tunc
846 491 1319 562 annumerari¹⁰
1348 495 1543 564 unius
1569 496 1799 592 'scyphi
1831 496 2041 566 fracta
2065 496 2362 566 membra
2391 527 2408 568 :
2447 525 2598 594 quaa

472 604 541 669 in
590 598 974 679 dolorem¹¹‚
1014 599 1252 686 credo,
1290 599 1512 670 soeculi
1563 602 2010 696 invidiamque
2063 601 2342 672 fortunae
2364 657 2384 689 ,
2423 620 2598 675 tam-

470 731 667 800 quam
696 703 1101 776 Alexandri'²
1136 707 1365 801 Magni
1396 731 1674 800 corpuS,
1710 710 1778 775 in
1805 708 2173 778 conditorio
2209 713 2490 798 servari,
2517 725 2599 781 ut

401 824 432 876 3
470 827 956 881 ostentarentur
976 862 995 895 ,
1040 803 1362 905 placebat.
1403 813 1479 880 T.
1523 813 1869 883 Petronius
1891 799 1936 838 ¹³
1980 813 2344 884 consularis
2385 819 2588 885 mori-

471 932 686 1004 turus,
727 916 968 984 invidia
1004 917 1289 986 Neronis
1324 919 1677 1013 principis,
1709 932 1784 987 ut
1810 944 2103 988 mensam
2138 920 2280 1012 ejus
2315 922 2596 991 exhere-

468 1023 657 1094 daret
677 1010 747 1109 ¹⁴,
790 1021 1053 1090 trullam
1074 1009 1119 1046 ¹⁵
1155 1023 1568 1093 murrhinam
1601 1029 1910 1094 trecentis
1940 1024 2199 1094 talentis
2212 1012 2260 1050 ¹⁶
2303 1042 2596 1121 emptam

474 1247 498 1270 ι
519 1220 647 1272 Mox
666 1232 718 1272 et
732 1218 843 1290 ipse
863 1218 1129 1288 aurigare,
1150 1231 1307 1291 atque
1328 1218 1487 1272 etiarn

465 1299 690 1371 spectari
730 1298 919 1368 saepius
961 1297 1168 1350 voluit:
1200 1295 1487 1370 ‘positoque

465 1381 522 1432 in
560 1377 758 1443 hortis,
789 1379 927 1430 inter
960 1376 1197 1440 servitia,
1235 1389 1287 1430 et
1323 1377 1489 1430 sordi-

465 1457 603 1518 dam,
616 1457 823 1528 plebem
856 1454 1158 1508 rudimento
1170 1495 1186 1521 ‚
1214 1455 1338 1509 univ
1345 1475 1492 1512 erso-

466 1557 587 1590 rum
638 1555 698 1604 se,
746 1535 911 1600 oculis
954 1535 1010 1588 in
1064 1535 1205 1589 circo
1251 1537 1487 1590 maximo

465 1617 710 1689 prebuit.
734 1613 756 1663 ι’
780 1615 847 1668 Et
874 1627 1026 1668 antea
1046 1633 1092 1667 c.
1109 1633 1201 1667 xxr
1223 1633 1237 1668 :
1260 1641 1283 1662 α
1306 1617 1485 1681 Quum

465 1697 642 1766 magni
663 1696 939 1748 estimaret
952 1700 1181 1758 cantare,
1208 1695 1363 1748 etiam
1389 1697 1491 1747 Ro-

468 1795 566 1829 mae
602 1775 905 1828 Neroneum
936 1793 1105 1844 agona
1138 1787 1263 1827 ante
1290 1775 1491 1844 praesti-

466 1867 575 1909 tam
604 1854 748 1908 diem
784 1854 1086 1908 revocavit:
1110 1852 1489 1924 flagitantibus·

464 1952 571 2005 que
610 1935 813 1986 cunctis
848 1933 1121 1986 caelestem.
1154 1951 1368 1998 vocem,
1410 1951 1492 1984 re-

465 2011 679 2082 spondit
702 2011 917 2083 quidem
939 2010 995 2062 in
1013 2011 1183 2064 hortis
1201 2030 1256 2064 se
1278 2010 1485 2081 copiam

424 2095 435 2109 “
466 2091 770 2144 volentibus
798 2091 1079 2152 facturum.
1106 2114 1129 2136 ι
1166 2086 1345 2139 Hnm.

552 2187 575 2221 1
585 2188 637 2222 o.
664 2172 765 2239 Qui
778 2169 913 2226 vidit,
930 2180 1040 2220 tum:
1054 2172 1377 2220 annumerari.
1398 2167 1487 2221 Sic

466 2261 520 2301 et
555 2247 682 2301 edit.
725 2248 1002 2319 princeps;
1040 2247 1189 2299 Brot.
1227 2265 1291 2298 ex
1325 2247 1486 2318 Regg.

466 2326 626 2381 codd.
662 2348 689 2381 ι
709 2369 725 2392 ,
756 2326 786 2380 3
802 2365 819 2392 ,
848 2325 877 2379 5
898 2365 914 2391 ‚
938 2325 1047 2378 vidi
1072 2336 1487 2386 tnncnnmamera-

466 2410 528 2462 ri.
552 2408 657 2460 En.

554 2505 575 2538 1
594 2506 640 2542 1.
670 2488 730 2538 In
764 2485 988 2536 dolorem,
1020 2483 1097 2537 Ut
1126 2482 1331 2538 doleret
1358 2503 1489 2554 prae-

464 2585 583 2619 sens
610 2564 859 2618 saeeulutn
876 2603 893 2628 ‚
918 2561 1291 2634 invideretque
1321 2564 1489 2618 fortu-

464 2664 545 2698 πω
572 2642 858 2715 superioris
890 2643 1069 2696 atatis.
1097 2641 1270 2696 Hum.
1334 2683 1337 2688 .

438 2750 443 2756 ·
551 2741 572 2776 ι
586 2744 634 2777 2.
660 2723 950 2792 Alexandri.
969 2747 990 2768 ι
1009 2722 1487 2793 MagniAlexandri

466 2803 753 2866 thoracem,
788 2803 1073 2873 repetitum
1120 2822 1149 2854 a
1175 2803 1417 2873 'Caligula
1457 2820 1486 2855 e

464 2877 765 2936 conditorio
792 2884 932 2953 ejus,
964 2907 986 2928 ι
1014 2880 1198 2934 scribit
1210 2882 1491 2952 Tranquil-

352 3015 355 3018 ,
463 2962 576 3030 lus,
614 2980 877 3033 cap.,1.u,
910 2961 967 3012 in
999 2961 1309 3025 Cui0.·Fuit
1348 2959 1485 3014 illud

465 3039 827 3104 Alexandria,
863 3059 1081 3093 aureum
1122 3041 1297 3111 primo
1320 3077 1336 3106 ,
1362 3058 1485 3093 mox

462 3122 716 3184 vitreum,
742 3139 906 3190 quum
932 3119 1199 3172 sublatum
1226 3119 1367 3172 furto
1391 3138 1485 3171 au·-

464 3219 613 3254 reum
652 3198 849 3252 fuisset.
890 3199 1104 3263 Strabo,
1129 3199 1223 3252 lib.
1262 3199 1483 3260 XVIII,

463 3299 583 3352 pag.
618 3285 749 3350 ⁶794.
783 3275 969 3332 ΗΛιιυ.

550 3360 640 3412 13.
671 3361 733 3412 T.
768 3358 1038 3410 Petronius.
1058 3358 1239 3410 Titum
1270 3374 1482 3427 quoque

463 3437 775 3492 Plutarchus
800 3436 1028 3508 appellat
1044 3475 1059 3500 ,
1086 3437 1178 3488 lib.
1196 3433 1262 3488 de
1285 3435 1483 3488 Discri-

464 3518 605 3570 mine
642 3516 929 3571 adulatoris
958 3529 1011 3568 et
1040 3514 1198 3567 amici
1225 3535 1238 3564 ε
1270 3513 1364 3565 ubi
1392 3533 1482 3566 ex-

461 3599 765 3669 probratam
786 3597 850 3648 ab
870 3613 933 3648 eo
954 3593 1155 3646 Neroni
1176 3591 1483 3645 tenuitatem

461 3697 524 3732 ac
545 3675 723 3730 sonies
738 3675 916 3728 refert.
939 3673 1125 3726 Caium
1139 3671 1353 3724 Tacitus
1370 3690 1483 3724 non

462 3757 621 3810 nemel
652 3755 882 3826 appellat
908 3772 920 3806 ε
951 3753 1008 3804 in
1037 3751 1256 3824 primis,
1290 3752 1480 3804 Annei.

460 3837 553 3889 lib.
597 3835 766 3899 XVI,
802 3853 918 3905 pag.
963 3850 1095 3902 271,
1140 3830 1232 3883 ubi
1272 3829 1341 3884 de
1378 3829 1483 3884 hoc

462 3914 579 3982 ipso
608 3914 753 3985 loqui
788 3931 938 3978 eum,
968 3910 1035 3964 de
1060 3929 1167 3983 qno
1200 3922 1254 3962 et
1282 3909 1484 3964 Plinius

460 3992 593 4061 agit,
621 4012 701 4046 res
725 3993 841 4062 ipsa
876 3989 1078 4045 indicio
1112 4002 1206 4044 est.
1244 3989 1328 4042 Ibi
1355 4009 1483 4061 pro-

1579 1219 1762 1272 consul
1785 1218 2049 1291 Bithynia·
2063 1258 2078 1284 ,
2097 1237 2222 1272 mox
2240 1221 2422 1273 consul
2437 1259 2454 1285 ‚
2472 1219 2599 1274 dein

1575 1300 1846 1352 revolutus
1891 1297 1959 1351 ad
2001 1298 2160 1363 vitia,
2201 1317 2294 1351 seu
2346 1300 2594 1353 vitiorum

1576 1377 1924 1430 imitationem
1943 1417 1958 1442 ,
1989 1377 2128 1430 inter
2151 1395 2347 1448 paucos
2377 1380 2599 1431 familia-

1575 1459 1712 1512 rium
1745 1470 2034 1528 assumptus
2075 1475 2104 1508 a
2133 1457 2348 1510 Nerone
2383 1457 2595 1512 dicitur.

1574 1537 1642 1590 Et
1679 1555 1795 1607 pag.
1849 1555 1956 1606 ²7²
1989 1557 2002 1586 ε
2035 1557 2058 1578 «
2093 1535 2311 1607 Flagitia
2341 1537 2596 1608 principis

1571 1618 1671 1668 sub
1693 1616 1998 1668 nominibus
2023 1615 2348 1670 exoletorum
2377 1617 2594 1670 semiun-

1573 1706 1838 1766 rumque„
1863 1707 1916 1747 et
1952 1694 2183 1747 novitate
2215 1699 2468 1767 cujusque
2494 1709 2598 1749 stu-

1573 1775 1656 1845 pri
1726 1774 2029 1845 perscripsit
2050 1811 2067 1837 ,
2121 1786 2277 1845 atque
2323 1776 2596 1846 obsignata

1572 1855 1716 1908 misit
1749 1853 1946 1906 Neroni
1967 1889 1983 1914 ‚
2010 1867 2108 1906 etc.
2137 1879 2158 1899 a·
2189 1855 2397 1919 Quibus
2423 1853 2596 1908 verbis

1573 1951 1707 2003 opus
1733 1929 1868 1984 illud
1887 1932 2078 2002 signari
2103 1932 2318 2004 quidam
2341 1934 2598 1988 arbitran-

1573 2023 1678 2077 tur,
1717 2009 1864 2081 quod
1901 2011 2133 2065 Petronii
2169 2013 2370 2066 Arbitri
2403 2013 2600 2082 Satyri-

1571 2108 1672 2142 con
1716 2089 2016 2160 appellatur
2058 2113 2069 2141 ε
2111 2092 2304 2163 quibus
2339 2110 2446 2144 non
2493 2109 2595 2161 ego

1571 2168 1836 2222 credulus.
1867 2168 2052 2223 Hesio.

1660 2254 1745 2312 14.
1768 2249 2113 2302 Esther-ederet.
2134 2247 2329 2302 Heredi
2343 2249 2594 2302 auferret.

1573 2328 1644 2380 H.
1668 2358 1748 2368 -—-
1763 2329 2106 2380 Eaelteredaret.
2132 2331 2208 2380 Ut
2230 2330 2440 2382 trullum
2457 2329 2596 2382 haue

1575 2425 1769 2460 mensae
1801 2409 2058 2478 principis
2077 2409 2326 2470 auferret.
2349 2409 2452 2462 Eo.

1661 2505 1682 2538 1
1699 2487 1748 2540 5.
1780 2489 2014 2540 Trullam.
2034 2487 2276 2538 Trullam
2293 2489 2475 2557 glossa
2491 2489 2599 2557 χέρ-

1572 2563 1700 2618 νιὸον
1729 2577 1778 2616 et
1801 2565 2127 2634 ωᾳιιὶηιίιιαίε,
2159 2581 2254 2616 seu
2279 2565 2596 2635 pollubrum

1573 2644 2007 2713 interpretantur,
2025 2663 2089 2694 un
2115 2642 2274 2694 bassin
2295 2645 2326 2694 ὰ
2349 2645 2494 2694 laver.
2523 2644 2593 2698 H.

1657 2725 1735 2774 16.
1770 2724 2012 2774 Trecentis
2055 2721 2262 2775 talentis.
2309 2722 2398 2774 Sic
2433 2717 2593 2776 MSS.

1570 2821 1771 2855 omnes.
1793 2801 1968 2855 Attica
1990 2802 2182 2856 talenta
2209 2801 2408 2873 ubique
2434 2801 2594 2858 inter·

1571 2894 1821 2953 pretatur.
1865 2881 2018 2936 Libri
2055 2881 2308 2934 hactenus
2344 2881 2502 2946 editi,
2539 2893 2593 2934 et

1571 2961 1674 3014 hoc
1703 2961 1822 3014 loeo
1839 2999 1856 3026 ,
1881 2973 1932 3014 et
1957 2979 2020 3014 eo
2043 2963 2136 3030 qui
2167 2962 2405 3032 proxime
2418 2961 2594 3031 sequi-

1573 3052 1680 3104 tur,
1715 3044 1930 3092 trecentis
1950 3043 2174 3112 sestertiis
2201 3042 2384 3111 legunt
2397 3079 2414 3104 ,
2441 3039 2592 3094 nullo

1571 3118 1926 3190 adstipulante
1963 3132 2141 3174 vetere
2181 3119 2484 3190 exemplari.
2519 3119 2590 3172 Η.

1571 3231 1648 3241 --
1701 3199 1941 3250 Trecentis
1991 3201 2183 3252 talentis
2236 3211 2456 3270 emptam.
2511 3199 2594 3251 Ita

1572 3277 1724 3330 MSS.
1762 3279 1924 3350 Regg.
1958 3299 1985 3330 2
2006 3317 2022 3344 ,
2060 3279 2126 3343 3,
2157 3277 2218 3344 5,
2251 3284 2304 3333 6.
2336 3279 2402 3331 In
2438 3277 2591 3330 MSS.

1569 3355 1885 3426 vindobon.
1909 3371 1961 3411 et
1982 3358 2332 3412 'Ambrosiam
2377 3360 2594 3409 trecentis

1569 3440 1814 3500 restet-tib,-
1833 3439 1988 3492 Rezz.
2009 3427 2128 3488 δύ’-’ἶ
2143 3437 2275 3500 H-S,
2296 3451 2348 3489 et
2369 3435 2596 3506 explicat

1571 3529 1777 3569 tercenta
1805 3518 1958 3569 millia
1997 3522 2214 3570 sestertia
2231 3537 2251 3570 .·
2289 3514 2474 3566 melius
2509 3511 2594 3564 di-

1573 3596 1730 3650 xisset
1765 3597 2040 3650 trecenties
2075 3609 2292 3649 centena
2321 3592 2486 3645 millia
2512 3611 2594 3646 se·

1571 3675 1836 3740 atei-tium,
1859 3693 1950 3728 seu
1974 3687 2196 3728 monetae
2216 3673 2415 3743 gallicie
2430 3672 2594 3723 libras

1577 3753 1917 3825 5,836‚507;
1945 3766 2174 3808 trecenta
2201 3763 2374 3804 autem
2403 3762 2592 3804 sester-

1575 3833 1644 3888 tia
1699 3847 1822 3888 sunt
1866 3835 2013 3888 libre
2063 3830 2303 3901 58‚359;
2361 3840 2594 3882 trecenta

1573 3932 1700 3966 vero
1733 3914 1954 3976 talenta,
1989 3907 2310 3980 1,370,625.
2341 3909 2419 3962 Ex
2441 3909 2593 3961 Brot.

1573 4005 1707 4046 nott.
1737 3991 1804 4046 ad
1829 3993 1972 4046 hunc
1993 3992 2096 4044 loc.
2119 3989 2222 4042 En.
