2975 4684
1072 348 1377 417 LIBER
1424 350 1789 418 XXXIV.

2367 354 2494 449 193

381 478 561 549 Jovis
574 466 625 505 ³⁸
664 481 1016 567 Tonanti5‚
1062 482 1381 574 Hegesiae.
1440 486 1516 550 [n
1561 483 1753 550 Pario
1802 479 2058 551 colonia
2074 467 2128 520 ³⁹
2180 485 2496 553 Hercules

380 584 617 654 Isidori
637 571 709 649 ⁴⁰.

486 689 919 760 Eleuthereus
934 677 981 721 ⁴¹
1012 693 1252 784 Lycius
1278 694 1576 786 Myronis
1615 691 1968 787 discipulus
1997 692 2121 761 fuit
2142 746 2160 778 ‚
2189 695 2299 786 qui
2341 694 2497 764 fecit
2535 727 2598 777 ²9

380 795 659 890 dignum
708 810 1111 890 praeceptore
1155 822 1433 892 puerum
1475 799 1848 867 sufflantem
1893 797 2234 892 languidos
2281 801 2494 893 ignes,

381 915 449 970 et
486 902 918 995 Argonautas
968 890 1373 972 Leochares¹¹

384 1194 513 1243 Aol·
538 1194 809 1245 ΕΦΕΣῙΟΣ
832 1196 1065 1243 ΕΠΟΙΕῘ
1088 1196 1402 1243 ΑΡΙΣΤΑΝ-

387 1276 547 1323 ΔΡΟΣ
618 1275 855 1323 ΣΚΟΠΑ
922 1271 1171 1322 ΠΑΡΙΟΣ
1246 1274 1403 1321 Erm-

384 1354 739 1405 ΣΚΕΥΑΣΕΝ.
753 1350 1003 1418 Agnoscit
1022 1361 1075 1399 et
1088 1349 1403 1399 Hermolaus

384 1429 583 1497 Agesioe
598 1466 613 1492 ‚
638 1440 690 1479 et
714 1446 781 1478 ex
800 1446 863 1477 eo
886 1427 1007 1478 facit
1024 1427 1265 1494 Hegesiae.
1296 1427 1402 1477 Ita-

382 1526 488 1577 que
507 1508 675 1559 miror
701 1505 819 1575 quis
838 1503 893 1556 id
914 1522 1109 1556 nomen
1132 1502 1401 1555 deleverit.

384 1587 567 1639 θεων.
590 1615 670 1626 --
692 1585 933 1650 Hegesiae.
956 1583 1183 1634 Pictoris
1209 1600 1403 1633 nomen

384 1665 443 1717 in
466 1664 599 1715 libb.
617 1674 737 1714 ante
759 1658 1287 1731 Hard.vulgg.deest.
1302 1662 1401 1712 En.

471 1744 562 1795 38.
586 1744 719 1793 Ante
744 1740 1047 1791 cedem-Iovis.
1070 1738 1325 1791 P.Vic.tor
1350 1740 1401 1791 in

384 1820 741 1890 descriptione
773 1820 983 1883 Roma,
1010 1818 1231 1887 regione
1265 1830 1401 1871 octa-

386 1920 451 1953 va
475 1940 492 1965 ,
526 1924 549 1947 ι
580 1898 955 1969 Capitolium...
980 1898 1233 1967 templum
1251 1896 1399 1949 Jovis

386 1978 519 2051 opt.
543 1980 687 2031 Max.
712 1975 872 2029 AEdes
884 1978 1034 2029 Iovis
1054 1975 1310 2027 Tonantis
1330 1976 1397 2029 ab

387 2060 623 2129 Augusto
644 2055 885 2109 dedicata
918 2056 973 2107 in
998 2056 1154 2109 Clivo
1182 2055 1398 2124 Capito-

385 2138 513 2190 lino.
542 2164 566 2186 ι
598 2137 775 2189 Ημιι).

468 2216 559 2286 39.
577 2218 634 2269 Ia
655 2212 808 2268 Pario
827 2214 1031 2267 colonia.
1052 2213 1396 2283 Hellesponti,

383 2294 454 2348 de
484 2316 587 2369 qua
608 2296 680 2359 V,
705 2302 789 2358 4ο.
820 2296 1003 2346 Hum-

470 2382 561 2439 4ο.
588 2375 785 2428 Isidori.
812 2372 1072 2426 statuarii.
1102 2372 1283 2423 Hum-

472 2462 563 2517 4ι.
599 2454 924 2506 Eleuthereus.
962 2452 1075 2504 Hoc
1108 2466 1213 2510 est,
1248 2451 1400 2502 Eleu-

388 2532 549 2586 theris
588 2530 864 2588 oriundus,
914 2532 1125 2583 Boeotiae
1176 2528 1398 2600 oppido.

391 2612 473 2664 De
499 2613 666 2685 Lycio
703 2608 945 2680 Myronis
968 2608 1229 2680 discipulo
1260 2607 1400 2660 dixi-

390 2708 509 2743 mus
536 2692 635 2745 sub
670 2688 879 2743 initium
914 2690 1072 2760 hujus
1107 2708 1223 2758 cap.
1247 2688 1401 2740 Libri

390 2787 575 2823 omnes
598 2770 855 2821 hactenus
874 2766 1033 2832 editi,
1062 2766 1400 2835 «Buthyreus

390 2846 587 2918 Lycius
622 2846 865 2915 Myronis
901 2844 1189 2915 discipulus
1214 2846 1331 2898 fuit.
1370 2872 1391 2893 ι

392 2925 666 2977 Pintianus
679 2922 1401 2995 conjiciebatButlayees,quasi

393 2998 536 3057 boc-1⁶5⁸·
565 3004 849 3066 immolator,
882 3001 1060 3073 lepido
1100 3022 1221 3055 sane
1258 3020 1401 3055 com-

393 3096 591 3137 mento.
615 3082 838 3151 Lycium
866 3081 1095 3134 statuarii
1124 3080 1399 3152 proprium

391 3182 587 3217 nomen
626 3180 735 3214 esse
776 3161 933 3213 series
976 3160 1085 3232 ipsa
1116 3162 1401 3213 elemento-

389 3262 511 3297 rum
552 3240 829 3301 admonet,
863 3259 979 3310 quae
1017 3241 1235 3293 nomina
1258 3258 1403 3293 nunc

388 3332 731 3394 repraesentat
770 3320 841 3372 ab
883 3320 1039 3372 simili
1065 3319 1237 3373 littera
1264 3318 1397 3371 inci-

390 3401 611 3474 pientia.
636 3400 878 3471 Myronis
899 3398 1218 3470 discipulum
1242 3398 1400 3451 fuisse

389 3482 544 3535 etiam
564 3480 721 3551 paulo
736 3492 857 3531 ante
873 3477 1069 3531 Plinius
1089 3478 1398 3542 affirmavit3

388 3560 554 3613 immo
584 3572 639 3611 et
664 3558 834 3611 filium
856 3598 871 3619 ‚
900 3556 1119 3609 Pausan.
1153 3558 1209 3608 in
1235 3557 1399 3607 Eliue.

388 3638 594 3700 lib.vl,
632 3656 691 3708 p.
719 3638 859 3699 331,
883 3654 943 3688 nc
974 3636 1147 3688 caeteri
1182 3636 1403 3706 scripto-

390 3736 474 3771 res
508 3737 521 3770 :
555 3718 839 3787 Myronem
873 3715 1043 3785 ipsum
1072 3714 1404 3779 Eleutheris,

390 3810 568 3849 nutum
584 3836 599 3862 ,
620 3796 823 3849 Plinius
844 3792 983 3846 idem
998 3794 1404 3863 superius.Quid

392 3876 612 3945 propius
645 3894 773 3929 vero
808 3872 979 3925 videri
1011 3873 1210 3943 possit,
1244 3889 1405 3941 quam

394 3950 631 4006 eumdem
672 3972 764 4009 eeu
813 3952 909 4005 filii
924 3990 940 4017 ,
992 3970 1087 4005 seu
1123 3949 1404 4021 discipuli,

544 4052 661 4119 IX.

1380 903 1397 927 ²
1436 904 1756 998 aquilam,
1792 907 2176 973 sentientem
2211 904 2367 997 quid
2401 930 2499 973 ra-

384 1007 521 1100 piat
571 1008 638 1074 in
691 1008 1108 1101 Ganymede,
1165 1023 1230 1077 et
1274 1011 1379 1078 cui
1424 1010 1624 1095 ferat,
1676 1023 2054 1103 parcentem

2069 996 2118 1039 ⁴³
2170 1011 2497 1105 unguibus

1486 1192 1706 1264 patriam
1727 1210 1870 1243 nunc
1889 1189 2143 1259 signatam
2160 1228 2176 1253 ‚
2195 1205 2248 1243 et
2266 1193 2318 1243 E
2321 1192 2497 1245 leuthe-

1485 1291 1592 1323 νοω
1614 1284 1810 1323 temere
1831 1270 1888 1322 in
1913 1270 2185 1339 Butlayreus
2217 1289 2245 1321 a
2277 1272 2498 1325 librariis

1486 1368 1598 1401 esse
1639 1353 1988 1401 conversum?
2015 1347 2162 1411 Quin
2206 1360 2258 1398 et
2279 1350 2498 1418 Lycium

1487 1444 1700 1495 quoque
1749 1428 1922 1495 ipsum
1968 1426 2267 1477 Eleutheris
2319 1428 2503 1479 oriun-

1488 1501 1620 1555 dum
1685 1506 1956 1573 conceptis
2027 1504 2222 1587 verbis?
2261 1505 2505 1575 prodidit

1488 1583 1796 1647 Atheuaeus,
1809 1584 1908 1641 XI,
1935 1600 1990 1651 p.
2017 1584 2128 1645 488
2150 1604 2161 1633 2
2196 1590 2264 1635 Ἠν
2284 1580 2340 1636 δὲ
2366 1578 2500 1646 οὗτος

1488 1652 1743 1727 (Λύκιος)
1787 1664 1836 1715 τὸ
1863 1664 1997 1731 γένος
2027 1661 2251 1721 Βοιώτιος
2281 1663 2330 1725 ἐξ
2359 1652 2502 1717 ἐλευ-

1485 1745 1650 1809 θερῶν,
1689 1740 1785 1796 υἱὸς
1829 1741 2060 1810 Μύρωνος
2105 1745 2185 1791 τοῦ
2216 1737 2502 1811 ἀνδριαντο-

1483 1825 1652 1883 ποιοῦ,
1681 1821 1743 1877 ὡς
1780 1820 2014 1889 Πολέμων
2052 1820 2191 1887 φησὶν
2229 1822 2277 1871 ἐν
2317 1822 2498 1892 πρώτῳ
2529 1810 2538 1817 ’

1484 1890 1814 1968 Ᾱκροπόλιως.
1823 1897 1970 1950 Vidit
1995 1900 2098 1951 hoc
2115 1912 2232 1951 ante
2253 1918 2348 1951 nos
2365 1902 2499 1953 Leo·

1480 1975 1632 2048 perd.
1658 1978 1713 2029 in
1734 1975 1956 2028 Emend.
1978 1978 2085 2040 XI,
2120 1995 2206 2045 19.
2234 1978 2496 2032 Haeo.—

1482 2058 1640 2109 Conf.
1667 2074 1883 2127 quoque
1907 2056 2206 2108 casaubon.
2235 2056 2305 2109 ad
2335 2060 2498 2112 Athe-

1482 2154 1653 2187 naeum
1672 2174 1688 2199 ,
1715 2135 1815 2187 loc.
1834 2154 1994 2206 supra
2017 2133 2158 2187 laud.
2183 2136 2281 2187 Er».

1566 2221 1657 2278 42.
1707 2216 1982 2268 Leochares.
2031 2216 2111 2266 De
2164 2233 2271 2284 quo
2311 2234 2495 2285 supra,

1481 2294 1580 2346 sub
1619 2292 1826 2346 initium
1873 2294 2030 2363 hujus
2078 2310 2192 2362 cap.
2243 2326 2320 2335 --
2352 2295 2496 2366 Typi

1467 2391 1666 2426 -omues
1687 2372 1754 2425 ad
1780 2374 1923 2425 hunc
1945 2371 2086 2423 diem
2122 2372 2324 2423 Leocras
2343 2393 2496 2425 men-

1484 2450 1612 2504 dose
1641 2464 2014 2519 repraesentant
2031 2488 2046 2514 ‚
2067 2470 2235 2521 quum
2261 2453 2494 2505 Leocha-

1484 2530 1556 2582 ris
1586 2531 1784 2581 mentio
1810 2532 2050 2602 superius
2088 2532 2266 2584 habita
2309 2532 2374 2584 sit
2408 2550 2494 2585 ra·

1484 2610 1644 2679 ptim,
1666 2626 1782 2679 qum
1805 2629 1947 2662 nune
1971 2623 2267 2675 revocatur,
2293 2626 2352 2665 ut
2383 2615 2496 2683 ejus

1484 2707 1642 2758 opera
1657 2687 1918 2757 sigillatim
1945 2704 2364 2757 pet-censeantur.
2384 2693 2496 2745 Me·

1484 2768 1642 2819 miuit
1684 2779 1736 2818 et
1771 2766 2002 2828 fictoris,
2035 2780 2088 2819 et
2143 2770 2282 2839 signi
2334 2770 2496 2841 ipsius

1485 2848 1643 2899 etiam
1665 2846 1916 2898 Tatianus
1935 2846 2030 2897 Or.
2052 2859 2234 2899 contra
2257 2848 2491 2911 Graecos,

1483 2945 1540 2997 p.
1576 2924 1682 2979 183
1708 2943 1721 2977 :
1750 2927 1890 2985 Τίνος
1923 2922 1983 2977 δὲ
2011 2926 2148 2995 χάριν
2177 2923 2265 2979 διὰ
2292 2928 2496 2996 Διωχά-

1484 3024 1588 3075 ρους
1618 3000 1884 3073 Γανυμήδη
1908 3006 1989 3057 τὸν
2019 3002 2326 3076 ἀνδρόγυνον,
2359 3006 2420 3068 ὥς
2447 3027 2496 3060 τι

1484 3078 1751 3137 σπουδαῖον
1765 3086 1954 3150 {zoio-:⁸5
1964 3089 2153 3156 κτῆμα,
2165 3086 2464 3157 numiam-t
2480 3108 2495 3152 ;

1492 3190 1513 3209 ι
1525 3164 1636 3216 Cur
1658 3175 1873 3233 propter
1892 3164 2174 3217 Leocharis
2190 3166 2496 3231 artificium,

1486 3240 1851 3311 Ganymedem
1893 3242 2042 3295 illum
2095 3244 2464 3299 effeminatum
2481 3286 2496 3311 ,

1483 3334 1734 3391 tanquam
1777 3321 2028 3375 eximium
2071 3324 2273 3396 aliquid
2299 3326 2500 3379 haben-

1486 3412 1594 3467 tes,
1615 3400 1785 3453 colitis
1804 3405 1827 3451 Ρ
1857 3426 1881 3448 2·
1911 3400 2089 3455 Ηηι).

1571 3480 1663 3543 43.
1718 3482 2000 3533 Par-centem
2053 3484 2307 3553 unguibus.
2361 3484 2500 3535 Seite

1488 3558 1718 3612 Martial.
1748 3562 1804 3623 1,
1831 3560 2015 3632 Epigr.
2046 3581 2128 3614 vu
2154 3579 2166 3613 :
2191 3585 2212 3606 ι
2241 3561 2502 3613 AEtherias

1489 3638 1662 3709 aquila
1701 3658 1926 3710 puerum
1957 3652 2200 3711 portante
2227 3658 2322 3710 per
2348 3656 2502 3691 auras

1488 3718 1718 3771 Illaesum
1779 3717 1978 3772 timidis
2036 3718 2300 3787 unguibus
2356 3717 2507 3768 haesit

1493 3816 1646 3850 onus.
1677 3824 1698 3844 ι
1735 3799 1978 3870 Aquilam
2005 3799 2183 3868 pictor
2210 3794 2417 3865 adjecit,
2437 3792 2506 3847 tle

1493 3894 1594 3947 qua
1621 3878 1756 3929 nihil
1773 3878 1933 3929 habet
1954 3878 2216 3927 Homerus
2239 3872 2295 3926 in
2319 3872 2504 3929 Ili-de.

1494 3952 1669 4007 Huni.

2241 4052 2322 4123 13
