2975 4684
450 345 542 420 56

987 351 1064 416 C.
1120 349 1467 418 PLINII
1517 347 1736 416 NAT.
1789 346 2043 415 HIST.

436 482 631 580 'genti
674 479 901 576 pondo
956 503 1193 549 cxxrv.
1259 479 1576 550 Claudius
1647 495 1990 550 successor
2037 476 2214 572 ejus,
2251 503 2460 572 quum
2495 479 2580 550 de

446 589 787 657 Britannia
823 587 1300 681 triumpharet,
1345 589 1520 656 inter
1563 610 1846 658 coronas
1885 583 2181 671 aureas',
2213 607 2315 654 vn
2352 586 2579 680 pondo

446 693 697 763 habere
718 745 737 778 ,
804 716 1003 786 quam
1067 692 1454 764 contulisset
1506 695 1626 762 His
1675 695 1850 762 ania‘
1877 694 2176 775 citerior,
2243 715 2323 760 rx
2378 717 2579 787 quam

450 797 665 869 Gallia
704 801 1017 886 Comata,
1054 789 1261 882 titulis
1294 800 1608 871 indicavit
1649 851 1666 868 .
1715 800 1930 894 Hujus
1967 795 2204 867 deinde
2241 821 2584 869 successor
2615 815 2634 904 '3
2665 865 2676 877 ,
2711 854 2722 878 ,

382 917 385 922 '
444 907 666 991 Nero,
710 897 1011 999 Pompeii
1064 905 1395 976 theatrum
1449 908 1718 1002 operuit
1762 929 1926 975 auro
1979 905 2046 973 in
2097 928 2306 973 unum
2345 905 2517 974 diem
2531 904 2583 994 ⁹,

444 1011 627 1104 quod
660 1011 935 1080 Tiridati
975 1012 1115 1108 regi
1150 1014 1479 1082 Armeniae
1522 1012 1916 1084 ostenderet.
1953 1014 2043 1080 Et
2077 1025 2282 1106 quota
2311 1035 2469 1106 pars
2501 1035 2580 1080 ea

446 1115 574 1186 fuit
616 1141 831 1186 aureae
864 1115 1172 1188 domus¹⁰
1216 1120 1572 1192 ambientis
1610 1117 1916 1189 Urbem?

546 1225 1055 1294 xV11.Auriin
1083 1228 1314 1296 aerario
1343 1227 1575 1321 populi
1607 1227 1865 1295 romani
1917 1225 2134 1304 fuere,
2171 1225 2320 1292 Sex.
2343 1226 2380 1293 J
2385 1221 2551 1294 ulio
2557 1275 2577 1310 ‚

439 1331 520 1400 L.
564 1329 833 1400 Aurelio
878 1355 1045 1400 coss.
1006 1347 1336 1436 septem
1360 1333 1548 1403 annis
1591 1329 1776 1402 ante²
1813 1329 2062 1400 bellum
2093 1330 2416 1399 Punicum
2447 1343 2576 1400 ter·

442 1439 651 1523 tium,
694 1420 951 1532 ροιιάο3
986 1461 1110 1506 xvr
1174 1462 1443 1528 ncccx,
1488 1439 1747 1535 argenti
1791 1459 1941 1506 xxn
1999 1461 2181 1525 Lxx,
2223 1450 2292 1507 et
2343 1439 2414 1505 in
2445 1459 2578 1506 nu·

438 1610 765 1666 varietates:
800 1629 891 1668 aut
924 1613 1319 1668 dehiscentibus
1346 1633 1465 1686 quae

438 1691 804 1750 cohardum,
826 1706 916 1746 aut
942 1711 1063 1764 quo
1084 1691 1351 1746 distabant
1370 1711 1463 1746 sua

440 1783 641 1839 sponte
670 1771 1085 1837 cohaerentibus,
1123 1783 1213 1824 aut
1254 1772 1318 1824 iis
1348 1789 1465 1842 qua

440 1849 743 1902 eminebant
772 1851 1025 1920 paulatim
1059 1851 1115 1902 in
1143 1869 1200 1903 se
1234 1849 1467 1902 residen-

442 1927 601 1980 tibus.
626 1953 653 1974 .
684 1927 865 1981 Hnm.
892 1958 965 1973 -·
996 1929 1169 1982 Pondo
1202 1928 1465 1982 CXXIV.

440 2007 595 2058 Brot.
625 2007 882 2060 CXXIV
886 2009 960 2062 M.
977 2009 1142 2080 pondo
1155 2029 1177 2071 ,⁰
1208 2021 1262 2061 et
1287 2009 1464 2061 statim

441 2103 595 2152 mox,
627 2087 741 2139 Vl!
764 2087 840 2140 M.
867 2089 1065 2158 pondo,
1096 2101 1149 2141 et
1174 2087 1336 2160 paulo
1366 2088 1462 2144 inf.

443 2165 539 2218 IX
565 2165 614 2218 C
632 2185 775 2238 quam
804 2166 979 2221 Gallia
998 2209 1013 2232 ,
1042 2181 1141 2221 etc.
1170 2169 1275 2221 Eo.

524 2264 582 2315 7.
614 2247 751 2299 Inter
775 2267 973 2300 coronas
1002 2267 1190 2300 aureas.
1224 2245 1465 2300 Corona-

443 2343 565 2377 rum
596 2343 661 2377 ex
703 2346 837 2380 suro
865 2326 1103 2398 exempla
1141 2325 1295 2398 plura
1340 2325 1465 2380 vide

442 2402 589 2476 apud
611 2406 645 2457 J
650 2406 721 2458 ul.
748 2406 969 2477 Buleng.
990 2407 1027 2458 Ι.
1052 2405 1121 2459 de
1141 2407 1465 2477 Triumpho,

445 2501 565 2556 cap.
592 2501 681 2552 ²9·
696 2489 759 2548 de
775 2485 1051 2557 triumpho
1066 2486 1349 2539 sociorum.
1367 2487 1437 2540 H.

527 2567 583 2618 8.
610 2565 769 2632 Quam
798 2563 973 2617 Gallia
991 2565 1195 2618 &mata
1212 2586 1231 2618 :
1246 2569 1373 2620 sicut
1400 2571 1465 2619 ιε’-

446 2643 573 2695 mlus
580 2643 824 2696 indazaoiae.
836 2643 1088 2698 Nostrum
1098 2646 1465 2718 apographum

451 2748 474 2770 ι
502 2740 662 2794 quam
696 2723 863 2778 Gallia
894 2737 1097 2778 comata
1129 2726 1296 2778 titulis
1322 2725 1464 2778 indi·

444 2804 602 2858 cavit.
638 2827 661 2850 n·
704 2805 841 2856 Puto
874 2815 1043 2858 totum
1076 2805 1253 2858 locum
1294 2805 1466 2876 legen·

442 2879 573 2934 dum
598 2883 700 2949 sic,
732 2909 756 2931 ι
780 2901 938 2955 quam
968 2885 1253 2937 contulisse
1281 2884 1466 2955 Hispa-

442 2961 588 3014 niam
606 2963 927 3025 citerioremz
950 2965 1167 3017 alteram
1184 2964 1283 3026 lx,
1302 2982 1463 3035 quam

442 3040 669 3094 Galliam
681 3043 953 3097 Comatam
970 3043 1137 3096 titulis
1150 3041 1421 3097 indicavit.
1434 3069 1456 3090 ι-

528 3139 581 3189 9.
614 3121 675 3174 Iu
712 3141 853 3175 uuum
878 3123 1019 3176 diem.
1052 3123 1161 3188 Qui
1187 3121 1301 3176 dies
1338 3141 1466 3194 pro-

441 3212 627 3270 pterea
648 3214 725 3254 est
744 3221 933 3255 aureus
950 3202 1272 3274 appellatus,
1290 3203 1464 3274 inquit

443 3279 582 3342 Dio,
623 3280 718 3332 lib.
748 3281 955 3348 Lxm,
990 3301 1019 3335 a
1050 3301 1161 3354 quo
1186 3283 1300 3336 hoc
1324 3283 1465 3355 pari·

387 3355 395 3366 ⁶
441 3371 525 3412 ter
538 3373 841 3414 narrantur.
855 3361 1162 3432 Ila-Quod
1180 3363 1339 3416 Tin-u.
1362 3365 1467 3432 regi

441 3441 588 3493 Arm.
618 3439 896 3494 ostenderet.
934 3443 997 3493 In
1038 3443 1169 3513 Reg.
1200 3463 1259 3508 s,
1294 3460 1463 3513 aquo

442 3518 741 3574 Tiridati.
770 3521 904 3572 An·
882 3539 1040 3591 :quo
1066 3519 1361 3574 Tiridatem
1384 3540 1465 3574 re-

440 3617 559 3668 gem
590 3599 853 3652 Armenia
888 3598 1226 3654 ostenderet?
1250 3627 1277 3648 υ
1304 3601 1465 3654 Favet

440 3695 564 3731 sane
578 3679 919 3750 Tranquillus
942 3679 995 3732 in
1012 3680 1244 3745 Nerone,
1260 3699 1305 3734 c.
1324 3698 1456 3734 xm:

446 3781 473 3804 ι
498 3755 621 3810 Non
667 3760 930 3814 immerito
974 3759 1113 3813 inter
1158 3760 1455 3832 spectacula

439 3835 509 3888 ab
540 3853 607 3889 eo
626 3837 797 3907 edita,
821 3852 873 3892 et
893 3838 1149 3894 Tiridatis
1170 3841 1227 3893 in
1252 3839 1457 3894 Urbem

438 3913 716 3969 introitum
744 3919 1041 3974 retulerim.
1075 3920 1249 3985 Quem
1278 3923 1459 3972 Arme-

438 3994 539 4048 nias
566 4013 744 4067 regem
768 3999 973 4068 mugnis
984 4000 1458 4069 pollicitationibus

1551 1614 1918 1678 sollicitatum,
1957 1629 2126 1684 quum
2173 1609 2440 1664 destinato
2481 1630 2578 1684 per

1552 1691 1789 1747 edictum
1805 1693 1896 1746 die
1912 1705 2218 1746 ostensurus
2231 1692 2435 1763 populo
2452 1711 2579 1764 pro·-

1553 1783 1672 1842 pter
1691 1772 1937 1826 nubilum
1961 1770 2264 1832 distulisset,
2291 1770 2543 1840 produxit
2560 1809 2576 1836 ,

1549 1869 1659 1922 quo
1680 1849 2129 1921 opportunissime
2153 1851 2442 1918 potuit...et
2461 1853 2576 1922 pri·

1550 1947 1641 1982 mo
1682 1947 1778 1999 per
1821 1926 2086 1981 devexum
2129 1928 2406 1997 pulpitum
2451 1932 2577 1983 sub-

1550 2021 1768 2061 euntem
1813 2005 2024 2060 admisit
2057 2004 2124 2059 sd
2157 2025 2359 2076 genus,
2385 2009 2579 2062 alleva·

1551 2099 1772 2160 tumque
1821 2085 2008 2140 dextra
2057 2085 2386 2140 exosculatus
2439 2100 2518 2142 est
2558 2107 2573 2140 ε

1550 2165 1674 2220 dein
1701 2167 1936 2237 precanti
1957 2166 2085 2218 tiara
2113 2162 2368 2232 deducta,
2391 2164 2577 2221 diade·

1549 2265 1636 2299 ma
1661 2247 1944 2317 imposuit,
1975 2257 2076 2298 etc.
2103 2269 2126 2292 ι
2153 2243 2338 2298 Hau.

1639 2345 1722 2380 ro.
1746 2328 1930 2379 Aue-ea
1948 2325 2132 2378 domus.
2157 2327 2240 2378 De
2253 2343 2359 2397 qua
2379 2326 2576 2380 iterum

1549 2406 1645 2459 lib.
1679 2406 1947 2470 XXXVI,
1967 2423 2087 2475 csp.
2117 2411 2186 2468 ²4
2204 2444 2220 2471 ,
2247 2424 2397 2458 num.
2425 2405 2478 2460 5.
2503 2405 2572 2460 Η.

1629 2486 1809 2539 xvu.
1849 2501 1896 2538 1.
1926 2483 2040 2538 Sex.
2067 2483 2221 2538 Jutio.
2253 2487 2318 2538 A.
2349 2486 2420 2538 U.
2445 2485 2572 2556 597.

1549 2565 1652 2620 sed
1693 2567 1831 2619 inter
1859 2583 1951 2619 eos
1977 2565 2246 2630 consules,
2272 2578 2326 2618 et
2355 2583 2446 2618 eos
2475 2565 2576 2619 sub

1549 2645 1746 2717 quibus
1765 2657 1994 2716 coeptum
2019 2663 2132 2697 esse
2149 2603 2348 2698 dic'itur
2373 2645 2573 2698 bellum

1549 2726 1816 2778 Punicum
1835 2724 2078 2788 tertium,
2101 2723 2362 2778 Marcium
2381 2742 2577 2797 nempe

1548 2805 1933 2870 Censorinum,
1961 2817 2015 2858 et
2042 2803 2115 2856 M.
2153 2803 2434 2858 Manilium
2471 2805 2576 2859 Ne·

1549 2897 1763 2957 potem,
1810 2897 2012 2956 septem
2046 2883 2137 2936 alii
2167 2885 2510 2938 consulatus
2493 2903 2574 2938 m·

1551 2964 1864 3018 tercedunt'
1849 2963 2057 3034 integri.
2079 2961 2256 3017 Hsan.

1635 3065 1685 3098 α.
1720 3047 1859 3097 Ante
1897 3044 2072 3095 bellans
2106 3042 2349 3096 Panicum
2383 3047 2576 3096 tertium

1541 3123 1707 3194 pondo
1725 3123 2051 3178 CCXXVH
2059 3129 2254 3192 argenti
2270 3119 2368 3186 (sic
2381 3113 2573 3195 prius).

1549 3203 1868 3268 Vossianus,
1901 3229 1926 3250 ι
1952 3221 2012 3274 p.
2035 3220 2128 3256 xv!
2148 3221 2342 3269 ncocx,
2368 3201 2571 3274 argenti

1546 3301 1670 3336 xxu:
1727 3301 1854 3344 Lxx,
1898 3295 1950 3335 et
1997 3281 2052 3334 in
2113 3295 2394 3336 numerato
2452 3299 2573 3334 uu

1550 3380 1725 3415 xxxxv
1747 3379 1874 3415 ccco
1895 3385 1920 3408 ι
1940 3400 1957 3426 ,
1985 3361 2022 3414 i.
2045 3378 2092 3416 e.
2114 3361 2298 3432 pondo
2339 3356 2594 3416 sedecim'

1547 3441 1715 3494 millia
1739 3441 2004 3512 octoginta
2026 3438 2213 3498 decem
2232 3481 2248 3508 ,
2266 3441 2474 3512 argenti
2497 3441 2572 3494 vi·

1545 3521 1680 3592 giuti
1705 3519 1816 3574 duo
1843 3521 2005 3574 millia
2037 3523 2402 3594 septuaginta,
2431 3532 2489 3575 et
2519 3521 2574 3574 in

1547 3614 1824 3656 numerato
1845 3601 2074 3672 sexagies
2093 3602 2176 3654 bis
2191 3615 2414 3655 centena
2430 3612 2576 3654 octo-

1547 3681 1691 3751 ginta
1719 3681 1956 3753 quinque
1979 3679 2145 3734 millia
2179 3677 2574 3752 quadringenti.

1547 3759 1722 3814 Habet
1748 3760 1996 3814 eumdem
2022 3778 2304 3813 numerum
2336 3758 2576 3811 Pintiaui

1546 3838 1714 3892 codex
1735 3879 1750 3905 ,
1781 3841 1886 3893 nisi
1907 3837 2056 3912 quod
2087 3857 2244 3892 nccx.
2267 3837 2452 3891 Gnou-

1631 3919 1683 3972 3.
1721 3921 1913 3974 Pondo.
1951 3921 2068 3972 Hoc
2099 3931 2210 3981 est,
2239 3917 2361 3970 auri
2387 3916 2576 3971 infecti

1547 3997 1736 4069 pondo
1773 3999 2006 4054 sedecim
2055 3997 2224 4052 millia
2269 3996 2570 4070 octingenta
