2975 4684
1075 411 1384 480 LIBER
1432 408 1783 479 XXXVI.
2347 406 2489 496 433

377 527 542 635 que³
565 594 586 627 ,
631 556 700 610 et
751 540 877 609 alia
928 540 1106 611 dictu
1165 543 1423 610 minora
1477 540 1723 635 apponi
1776 552 2089 609 vetantes.
2154 544 2495 614 Marmora

377 644 639 734 invehi,
683 662 748 716 et
783 647 990 715 maria
1038 646 1236 740 hujus
1285 648 1378 715 rei
1419 670 1614 715 causa
1656 647 1959 733 transiri,
2016 671 2162 739 quae
2201 663 2496 740 vetaret,

375 752 474 823 lex
517 752 698 823 nulla
741 752 874 821 lata
917 767 1034 822 est.
1077 740 1222 845 (11.)
1264 754 1463 823 Dicat
1508 750 1797 821 fortassis
1834 750 2111 845 aliquis:
2148 778 2284 823 non
2318 758 2494 825 enim

373 858 876 929 invehebantur.
935 858 1014 927 Id
1058 858 1323 997 ‹Juidem
1373 857 1557 927 falso,
1609 861 1964 927 Trecentas
2013 880 2105 926 Lx
2153 858 2493 933 columnas

371 966 468 1031 Μ.
499 966 730 1035 Scauri
759 964 1063 1035 aedilitate
1127 966 1211 1033 ad
1248 989 1511 1041 scenam
1551 964 1787 1032 theatri
1822 966 2237 1057 temporarii,
2272 982 2339 1035 et
2384 970 2493 1038 vix

373 1095 507 1140 uno
536 1096 761 1140 mense
789 1071 990 1139 futuri
1019 1073 1087 1139 in
1115 1096 1238 1139 usu
1261 1124 1279 1157 ,
1312 1070 1620 1139 viderunt
1649 1069 1899 1164 portari
1931 1056 2210 1138 silentio⁵
2247 1069 2488 1167 legum.

371 1176 500 1245 Sed
540 1176 822 1271 publicis
867 1178 1176 1247 nimirum
1215 1176 1629 1270 indulgentes
1673 1173 2139 1269 voluptatibus.
2194 1176 2486 1271 Idipsum

369 1280 532 1351 cur?
557 1297 674 1353 aut
709 1308 840 1377 qua
867 1285 1078 1377 magis
1111 1283 1215 1349 via
1249 1284 1552 1375 irrepunt
1570 1282 1727 1349 vitia
1746 1332 1763 1363 ‚
1793 1303 1987 1373 quam
2009 1278 2490 1374 publica?Quo

367 1388 546 1456 enim
569 1386 695 1457 alio
725 1388 925 1457 modo
943 1391 1010 1455 in
1034 1389 1328 1482 privatos
1359 1411 1515 1455 usus
1544 1385 1654 1453 illa
1680 1409 1922 1453 venere
1938 1437 1955 1467 ‚
1974 1385 2207 1467 ebora,
2232 1411 2491 1476 aurum,

367 1492 688 1585 gemmae?
723 1507 838 1560 aut
869 1492 1028 1585 quid
1062 1493 1332 1560 omnino
1364 1491 1486 1559 diis
1526 1487 1999 1584 relinquimus?
2024 1492 2278 1560 Verum
2314 1508 2489 1581 esto,

367 1596 755 1665 indulserint
781 1596 1062 1726 publicis
1091 1596 1541 1691 voluptatibus
1563 1622 1578 1662 ε
1600 1597 1883 1664 etiamne
1906 1609 2257 1665 tacuerunt
2274 1601 2488 1667 maxi-

368 1724 510 1769 mas
541 1726 766 1769 earum
809 1755 828 1785 ‚
860 1716 1055 1795 atque
1093 1701 1258 1771 adeo
1285 1701 1997 1795 duodequadragenum
2034 1702 2279 1795 pedum
2299 1757 2318 1790 ‚
2352 1706 2487 1772 Lu-

366 1804 559 1874 cullei
588 1807 970 1877 marmoris⁷
1005 1810 1072 1878 in
1117 1809 1285 1876 atrio
1321 1810 1551 1877 Scauri
1584 1804 1946 1876 collocari?
1980 1830 2102 1874 nec
2124 1806 2293 1876 clam
2327 1807 2489 1901 illud

365 1910 751 2006 occulteque
788 1911 1034 1981 factum
1065 1928 1182 1981 est.
1221 1898 1580 1983 Satisdari·⁸
1610 1912 1733 1981 sibi
1763 1913 1986 1981 damni
2022 1910 2247 1981 infecti
2273 1916 2490 2008 coegit

361 2016 742 2115 redemptor
765 2016 1176 2105 cloacarum,
1211 2044 1416 2113 quum
1463 2020 1533 2085 in
1570 2017 1890 2085 Palatium
1908 2016 1935 2054 ⁹
1957 2017 2481 2089 extraherentur.

360 2116 514 2192 Non
553 2149 712 2219 ergo
743 2126 810 2193 in
842 2123 974 2197 tam
1013 2122 1188 2193 malo
1231 2122 1539 2219 exemplo
1574 2124 1872 2191 moribus
1918 2146 2152 2191 cavere
2194 2121 2414 2194 utilius
2436 2124 2485 2149 ¹⁰

440 2292 491 2347 3.
520 2294 786 2367 Θίἱιεσφω.
807 2295 956 2348 Inter
971 2294 1268 2348 convivales
1283 2293 1375 2347 de·
1460 2293 1519 2345 in
1540 2294 1820 2347 Palatium.
1854 2292 2118 2347 Satisdare
2139 2306 2315 2348 autem
2346 2294 2480 2349 dici·

358 2372 504 2426 licias
553 2374 764 2445 glirium
812 2393 938 2427 usus
989 2373 1197 2427 celeber
1243 2374 1372 2427 olim
1460 2390 1585 2426 mur
1608 2372 1906 2427 adversario
1933 2386 2118 2427 nostro
2134 2413 2149 2438 ,
2183 2393 2347 2446 quum
2372 2394 2479 2446 pro

357 2452 476 2504 fuit.
513 2452 793 2507 Petronius
823 2452 879 2505 in
909 2452 1018 2507 Sat.
1053 2470 1171 2523 pag.
1211 2471 1309 2505 101
1357 2474 1368 2504 :
1461 2471 1526 2505 eo
1552 2452 1700 2525 quod
1724 2453 1922 2506 anobis
1942 2454 2100 2523 petit,
2127 2455 2197 2505 ita
2219 2472 2480 2521 cavemus,

363 2556 390 2580 ι
413 2530 672 2601 Ponticuli
694 2532 1024 2586 ferruminati
1049 2532 1374 2585 sustinebant
1461 2543 1523 2583 ut
1544 2548 1665 2583 eum
1689 2532 1792 2584 hoc
1811 2532 2032 2585 nomine
2056 2550 2299 2585 securum
2322 2532 2479 2587 sacia-

355 2610 514 2681 glires
543 2612 700 2666 melle
729 2624 781 2665 et
802 2630 1064 2684 papavere
1088 2630 1310 2681 sparsos.
1337 2636 1359 2658 ι
1457 2626 1607 2673 mua,
1629 2609 1763 2663 datis
1778 2609 2186 2681 fidejussoribus.
2211 2613 2479 2667 Damnum

355 2691 618 2745 ammian.
631 2692 866 2747 Marcell.
879 2690 1207 2760 xxvn1‚p.
1231 2690 1364 2759 371:
1451 2687 1706 2741 infectum
1742 2701 1819 2742 est
1845 2687 2099 2742 damnum
2135 2689 2371 2743 nondum
2408 2693 2480 2746 fa·

361 2794 386 2815 ι
411 2768 689 2824 Ponuntur
711 2771 868 2824 etiam
891 2771 948 2822 in
977 2768 1232 2821 conviviis
1263 2780 1370 2820 tru-
1451 2766 1775 2837 ctum‚quod
1795 2766 2031 2820 futurum
2046 2786 2310 2823 veremur.
2326 2770 2481 2824 Glos-

354 2845 505 2911 tinae‚
525 2862 588 2900 nt
607 2849 832 2918 appositi
865 2848 1033 2918 pisces
1054 2860 1108 2900 et
1131 2847 1371 2899 volucres
1451 2864 1521 2898 so
1552 2864 1565 2898 τ
1591 2846 1783 2898 Damni
1832 2846 2050 2912 insecti,
2092 2848 2262 2919 ἀγωγὴ
2300 2852 2474 2920 ζημίας

353 2922 734 2997 ponderentur,
744 2926 1094 2995 &glirem-De
1105 2944 1292 2979 eorum
1304 2945 1376 2979 sa·
1451 2928 1736 2995 μελλούσης.
1757 2924 1936 2977 Ham).

351 3003 619 3074 ginatione
629 3002 890 3057 videndus
906 3005 1216 3075 Apimvln,
1231 3024 1283 3073 9.
1297 3006 1366 3059 H.
1535 3022 1588 3072 9.
1622 3006 1781 3073 Quum
1800 3008 1850 3055 in
1869 3004 2131 3056 Palatium.
2160 3004 2271 3057 Ubi
2290 3005 2473 3061 Scauri

438 3089 492 3147 4.
528 3082 604 3137 Μ.
645 3082 820 3136 Scauri
860 3084 1106 3138 edidicere.
1142 3086 1223 3138 De
1261 3104 1364 3157 qua
1451 3082 1642 3137 domus
1662 3084 1794 3148 fuit,
1823 3081 2024 3137 decima
2050 3083 2215 3137 Urbis
2234 3086 2469 3158 regione.

349 3161 574 3215 inferius
594 3179 712 3231 cap.
745 3169 836 3224 ²4·
862 3160 1042 3217 Ilum.
1451 3162 1633 3216 ΒΑΜ).
1670 3216 1677 3223 ,

433 3240 487 3296 5.
515 3239 718 3293 Silentia
750 3241 924 3311 legum.
964 3242 1124 3295 Nulla
1153 3244 1364 3297 interim
1536 3260 1615 3294 ro.
1648 3242 1825 3294 Utilius
1838 3242 2011 3308 fuerat
2029 3260 2170 3315 quam
2194 3254 2348 3298 tacere
2371 3240 2467 3308 (sic

349 3320 464 3391 lege
490 3320 548 3374 in
575 3322 900 3375 contrarium
922 3322 1043 3376 lata.
1061 3320 1242 3385 Banu.
1447 3312 1641 3391 prius).
1662 3322 1815 3373 Voss.
1847 3332 1899 3373 et
1925 3322 2156 3375 Pintiani
2190 3343 2203 3374 z
2234 3350 2257 3371 ι
2288 3326 2468 3379 utilius

430 3404 483 3455 6.
529 3400 772 3453 Maximus
813 3420 989 3454 earum.
1038 3400 1256 3455 Dicetur
1295 3400 1363 3455 de
1447 3400 1652 3453 fuerat?
1692 3400 1926 3453 Taena-e
1974 3414 2139 3454 tantas
2192 3404 2357 3457 moles
2406 3404 2463 3456 in

348 3478 416 3533 iis
439 3479 560 3533 loco
589 3481 832 3552 proxime
859 3481 1037 3534 citato.
1060 3482 1244 3535 Han.
1444 3480 1703 3552 privatam
1728 3476 1946 3533 domum
1966 3480 2102 3535 trahi
2124 3494 2313 3553 prater
2333 3483 2465 3535 ficti-

430 3576 484 3627 7.
514 3559 732 3613 Lucullei
751 3564 1015 3613 marmor-ek.
1043 3562 1122 3613 De
1146 3578 1256 3632 quo
1281 3558 1365 3613 di·
1444 3560 1517 3613 lia
1554 3558 1777 3613 deorum
1804 3559 2022 3632 fastigia.
2060 3586 2083 3608 a·
2122 3560 2287 3625 Quasi
2322 3558 2463 3613 dice·
2570 3583 2578 3589 ·

345 3653 526 3691 cenius
547 3639 642 3693 inf.
670 3658 786 3711 cap.
817 3642 872 3695 8.
905 3641 1086 3693 Ham).
1444 3651 1529 3693 ret
1559 3660 1571 3691 ε
1606 3638 1681 3693 At
1708 3638 1785 3692 illi
1816 3652 2025 3693 tacuere
2052 3659 2067 3693 :
2096 3640 2208 3703 vel,
2230 3639 2461 3691 Tantum

426 3718 480 3771 8.
531 3717 792 3774 Satisdan‘.
836 3718 1079 3771 Promitti
1118 3718 1220 3771 sibi
1264 3736 1363 3789 per
1445 3719 1941 3784 abest‚utmoribus
1957 3717 2210 3780 caverint,
2230 3730 2290 3769 ut
2306 3716 2463 3770 etiam

345 3794 538 3849 vadem
573 3799 745 3869 coegit
775 3800 818 3852 is
837 3838 853 3864 ‚
882 3798 974 3870 qui
1001 3800 1202 3851 cloacas
1237 3798 1362 3851 refi·
1445 3799 1719 3853 tacuerint.
1740 3800 1900 3851 Recte
1916 3809 2090 3852 antem
2105 3806 2157 3847 et
2169 3794 2464 3865 Voss.ficti-

341 3872 550 3929 ciendae
583 3877 810 3944 locarat,
850 3877 1101 3931 damnum
1136 3879 1362 3931 sarcien-
1446 3878 1517 3931 lia
1548 3878 1981 3946 deommsastigia.
2010 3874 2223 3926 Frustra
2240 3912 2256 3938 ,
2280 3876 2373 3945 qui
2394 3878 2462 3925 si·

345 3950 476 4006 dum
491 3992 510 4018 ,
541 3955 685 4027 qnod
711 3958 902 4011 cloacis
927 3956 1187 4011 inferrent
1208 3958 1361 4028 plan·
1447 3958 1659 4009 mulae-ra
1682 3969 1773 4010 aut
1794 3954 2009 4023 fastidia
2035 3954 2318 4021 subjecere.
2336 3952 2459 4007 Lib.

341 4041 482 4097 atra,
502 4031 634 4087 dum
661 4054 734 4089 eo
760 4036 1018 4110 columna
1044 4038 1360 4093 veherentur
1445 4036 1661 4104 XXVI,
1690 4057 1717 4088 ο
1749 4057 1762 4085 :
1811 4060 1833 4083 ι
1861 4033 2045 4098 Quum
2092 4030 2147 4083 in
2199 4030 2459 4104 fastigium

490 4131 612 4199 IX.
2054 4158 2059 4165 ·
2126 4128 2215 4199 28
