2975 4684
484 299 624 372 208

1017 300 1089 366 C.
1138 295 1460 363 PLINII
1509 291 1722 360 NAT.
1775 286 2033 355 HIST.

488 437 637 526 lior,
664 451 731 506 et
764 434 845 504 ad
880 428 1203 499 cicatrices
1226 411 1271 454 ¹⁴
1303 421 1648 491 trahendas
1663 407 1726 487 ²⁵.
1766 419 2009 488 Fluunt:
2039 444 2119 489 ex
2159 445 2236 490 ea
2275 421 2411 492 duo
2451 422 2576 494 alia

494 567 730 639 genera
752 525 825 600 ⁸⁶:
858 531 1170 626 onychitis
1192 526 1237 566 ¹⁷
1268 541 1447 596 extra
1480 549 1662 620 paene
1701 523 2008 614 caerulea,
2043 527 2221 596 intus
2255 530 2578 623 onychitae

494 645 755 720 maculis
781 636 1019 707 similis.
1050 633 1388 700 Ostracitis
1420 647 1558 700 tota
1579 633 1798 725 nigra,
1827 645 1892 698 et
1923 656 1960 699 e
1987 633 2234 702 caeteris
2261 635 2576 704 sordidis-

424 763 457 820 ⁴
490 755 683 828 sima,
714 740 1082 810 vulneribus
1110 738 1387 805 maxime
1418 734 1612 806 utilis.
1645 739 1881 806 Omnis
1911 753 2130 807 autem
2161 726 2477 810 cadmia¹⁸
2506 743 2578 808 in

486 851 685 944 Cypri
720 845 1091 915 fornacibus
1124 844 1411 936 optima,
1453 845 1822 937 iterumque
1870 867 1907 912 a
1957 844 2225 913 medicis
2270 848 2578 940 coquitur

480 955 761 1025 carbone
796 975 1002 1044 puro;
1044 963 1236 1042 atque
1280 947 1392 1016 ubi
1434 950 1500 1015 in
1545 948 1827 1017 cinerem
1874 948 2095 1036 rediit,
2139 953 2576 1045 exstinguitur

478 1062 628 1128 vino
662 1059 1019 1137 ammineo,
1058 1079 1201 1148 quae
1239 1052 1322 1121 ad
1356 1053 1710 1148 emplastra
1739 1069 2186 1148 praeparatur:
2226 1082 2371 1150 quae
2420 1081 2578 1125 vero

474 1165 559 1234 ad
583 1187 802 1259 psoras
822 1213 839 1244 ,
880 1173 1081 1228 aceto.
1111 1158 1400 1246 Quidam
1420 1158 1468 1197 ¹⁹
1489 1163 1557 1228 in
1586 1159 1729 1229 ollis
1763 1159 2070 1230 fictilibus
2097 1175 2310 1229 tusam
2347 1177 2577 1249 urunt,

476 1296 553 1341 ac
588 1269 801 1338 lavant
838 1267 903 1332 in
952 1265 1311 1350 mortariiS,
1354 1281 1584 1360 postea
1633 1267 1896 1336 siccant.
1949 1266 2454 1360 Nymphodorus
2497 1266 2580 1335 la-

477 1375 691 1473 pidem
710 1369 758 1397 ’⁰
818 1372 1031 1462 ipsum
1078 1395 1277 1464 quam
1315 1373 1772 1466 gravissimum
1812 1373 2398 1468 spississimumque
2448 1375 2582 1441 urit

476 1501 714 1578 pruna,
746 1489 813 1543 et
850 1491 1151 1546 exustum
1192 1477 1366 1546 Chio
1400 1481 1558 1547 vino
1595 1479 1969 1572 restinguit,
2011 1478 2386 1573 tunditque,
2427 1503 2582 1546 mox

474 1587 671 1656 linteo
700 1581 979 1668 cribrat,
1022 1597 1218 1678 atque
1252 1586 1321 1651 in
1360 1587 1678 1654 mortario
1720 1586 1912 1666 terit,
1956 1609 2110 1652 mox
2151 1609 2320 1678 aqua
2360 1583 2584 1679 pluvia

478 1701 800 1770 macerat,
834 1689 1205 1783 iterumque
1254 1691 1405 1758 terit
1466 1689 1646 1782 quod
1695 1688 2001 1774 subsidit,
2056 1691 2268 1759 donec
2306 1713 2584 1760 cerussae

475 1793 693 1866 similis
722 1792 837 1860 fiat
857 1844 875 1877 ,
904 1793 1083 1860 nulla
1115 1793 1407 1860 dentium
1437 1791 1770 1862 offensa²‘.
1811 1792 2056 1861 Eadem
2090 1793 2334 1864 1011ae²²
2369 1797 2576 1863 actio:

472 1899 586 1970 sed
626 1922 820 1992 quam
868 1898 1287 1990 purissimum
1332 1896 1614 1990 lapidem
1656 1897 1854 1989 eligit.

568 2006 829 2072 xxlll.
892 1999 1181 2070 Cadmiae
1226 1999 1504 2070 effectus
1561 2003 1808 2069 siccare
1831 1999 1875 2085 ¹,
1928 2025 2309 2094 persanare,
2355 2004 2580 2070 sistere

465 2112 785 2182 fluxiones
804 2162 821 2193 ,
845 2107 1136 2202 pterygia
1167 2119 1233 2173 et
1262 2105 1487 2174 sordes
1515 2104 1856 2175 oculorum
1879 2130 2182 2199 purgare,
2210 2107 2579 2176 scabritiem

464 2232 853 2300 extenuare,
883 2226 948 2281 et
983 2209 1298 2303 quidquid
1340 2212 1405 2277 in
1433 2211 1688 2304 plumbi
1723 2209 1966 2278 effectu
2005 2209 2320 2280 dicemus.
2369 2215 2457 2281 Et
2493 2237 2578 2283 aes

463 2327 676 2420 ipsum
706 2321 789 2390 ad
819 2318 1037 2387 omnia
1066 2314 1326 2383 eadem¹
1356 2318 1610 2384 uritur:
1644 2330 2039 2410 praeterque,
2070 2315 2406 2411 albugines
2434 2343 2583 2388 ocu·

552 2504 573 2539 1
587 2493 638 2548 4.
664 2486 736 2536 Et
750 2483 1083 2534 adoleatrices.
1100 2479 1378 2533 Κατὸυλοῦν
1394 2477 1478 2534 δυ·

462 2567 643 2635 ναμίνη
660 2603 676 2625 ,
704 2562 875 2632 inquit
904 2561 1081 2612 Dione.
1108 2559 1209 2612 loc.
1242 2562 1333 2613 cit.
1364 2561 1433 2614 H.

548 2642 637 2696 15.
685 2639 983 2694 Trahendas.
1014 2637 1295 2692 Delendes.
1330 2640 1397 2691 H.

548 2739 571 2772 ι
585 2725 637 2773 6.
652 2721 837 2774 Fluunt
852 2731 899 2770 et
910 2739 969 2770 es
982 2739 1037 2769 ea
1051 2718 1147 2769 duo
1164 2720 1265 2769 alia
1279 2737 1472 2787 genem.

466 2803 591 2854 Hoc
612 2797 721 2852 duo
746 2815 934 2868 genera
962 2796 1183 2850 totidem
1216 2797 1357 2849 notis
1383 2795 1477 2850 de·

463 2879 645 2933 scribit
672 2891 723 2931 et
758 2877 937 2930 Diosc.
965 2878 1036 2940 V,
1078 2878 1149 2940 84
1176 2895 1188 2929 :
1218 2867 1443 2944 όνυχῖτις
1463 2915 1480 2940 ,

463 2963 545 3012 καὶ
586 2960 827 3026 &epatu-t:
844 2995 860 3020 ,
880 2957 991 3009 sive
1017 2966 1253 3010 testacea.
1286 2955 1383 3009 Illa
1410 2957 1478 3008 ab

464 3034 935 3091 intercurrentibus
952 3035 1227 3100 lineis,seu
1244 3035 1481 3101 maculis,

347 3156 360 3168 .
463 3115 727 3185 onychitae
748 3112 915 3184 lapidi
930 3115 1203 3178 similibus,
1223 3112 1479 3185 διαφὺσιις

462 3197 644 3262 ἔχουσαι
670 3195 887 3265 ἐμφερεῖς
922 3196 1117 3264 ὁνυχὶτῃ
1146 3196 1280 3265 λίθῳ.
1311 3197 1415 3248 Ista
1450 3213 1481 3246 a

464 3273 741 3344 superficie
764 3286 933 3326 terrea
954 3313 968 3339 ,
992 3275 1101 3326 sive
1120 3285 1357 3338 testacea,
1378 3293 1482 3327 no·

464 3371 587 3405 men
624 3353 785 3406 habet
809 3373 820 3404 ε
850 3348 1029 3423 γιώδιι
1056 3350 1114 3406 «n
1144 3353 1176 3410 ἢ
1209 3350 1481 3424 ὂςρακώδιι

466 3434 731 3502 κεχρημένη
758 3433 1030 3502 ἐπιφοινιὶᾳ.
1058 3431 1234 3484 Herm.

554 3531 641 3581 ¹7·
678 3511 948 3582 onychinis.
986 3511 1072 3564 Sic
1106 3524 1158 3563 et
1184 3510 1482 3564 Dioscorid.

466 3591 662 3660 ὁνυχίτῃ
694 3591 828 3662 λίθῳ.
856 3590 1023 3641 Gron.
1058 3590 1134 3641 ΑΙ.
1157 3602 1281 3642 unte
1312 3589 1481 3643 Hard-

469 3686 523 3727 et
546 3673 690 3725 Brot.
722 3689 783 3722 ex
808 3667 925 3722 cod.
952 3671 1080 3740 Reg.
1114 3670 1143 3720 5
1172 3679 1223 3721 et
1245 3668 1374 3721 edit.
1400 3689 1483 3740 pr.

470 3753 691 3825 onychis,
720 3769 828 3802 non
853 3749 1105 3819 onychitoe.
1130 3749 1229 3800 En.

556 3835 638 3886 18.
692 3831 863 3884 Omnis
908 3839 1065 3880 autem
1112 3827 1300 3880 cadmia
1318 3864 1335 3890 ‚
1384 3841 1484 3882 etc.

471 3910 649 3964 Dione.
682 3911 785 3961 loc.
823 3909 911 3960 cit.
948 3919 1001 3960 et
1030 3917 1148 3978 post
1180 3907 1330 3960 illum
1363 3907 1487 3959 Ori-

1563 2481 1675 2535 bns.
1698 2482 1860 2545 xm,
1879 2498 1928 2533 c.
1961 2498 2090 2551 227,
2123 2481 2342 2535 totidem
2364 2482 2583 2536 omnino

1563 2561 1758 2613 verbis.
1783 2561 1962 2612 Han.

1651 2658 1741 2708 ¹9·
1768 2639 1994 2708 Quidam.
2025 2639 2264 2692 Dioooor.
2297 2654 2350 2693 et
2371 2639 2582 2694 Oribas-

1563 2719 1622 2770 ll.
1650 2737 1729 2772 cc.
1759 2717 1940 2769 Hum-

1651 2817 1736 2850 πο.
1779 2797 2024 2868 Lapidem.
2063 2797 2140 2850 Ex
2181 2817 2287 2869 quo
2327 2800 2442 2852 fieri
2479 2819 2548 2853 ωε
2565 2839 2584 2864 ,

1567 2895 1834 2950 quemque
1865 2875 2121 2930 cadmiam
2162 2879 2412 2949 appellari
2447 2877 2586 2932 dixi·

1567 2976 1685 3010 mus
1716 2957 1815 3010 sub
1841 2956 2051 3010 initium
2074 2956 2230 3028 hujus
2257 2977 2374 3029 cap.
2397 2957 2461 3010 H.

1651 3057 1679 3090 ς
1693 3054 1742 3088 ῐ.
1773 3037 1924 3089 Nulla
1947 3037 2156 3088 dentium
2179 3038 2384 3104 offensa.
2406 3038 2486 3088 Ita
2505 3047 2584 3102 ut,

1569 3135 1734 3186 quum
1781 3115 2070 3179 manditur,
2115 3113 2365 3169 dentibus
2397 3113 2582 3180 cedat,

1569 3197 1742 3248 Diosc.
1770 3195 1871 3247 loc.
1891 3195 1980 3248 cit.
2005 3193 2185 3246 Hum.

1653 3293 1742 3327 ια.
1791 3273 1979 3325 Eadem
2025 3274 2161 3324 Ioum
2207 3275 2348 3324 actio.
2395 3271 2482 3324 Sic
2529 3281 2583 3322 et

1571 3343 1726 3405 Iollas
1747 3353 1885 3406 facit.
1909 3353 2088 3406 Hnm.

1649 3433 1857 3484 XXIII.
1893 3451 1916 3485 1
1931 3472 1944 3485 .
1971 3431 2188 3484 Cadme'ae
2213 3430 2411 3497 effictus
2435 3432 2586 3478 εἱσι-α-

1573 3533 1650 3576 re,
1678 3525 1777 3564 etc.
1814 3511 1993 3564 Dione.
2029 3511 2130 3562 loc·
2170 3509 2260 3561 cit.
2291 3510 2498 3576 Δύναμιν
2525 3502 2584 3560 ὃὸ

1571 3595 1671 3659 ἔχει
1707 3591 1949 3650 ςυπτικὴν
1966 3627 1982 3652 ,
2011 3588 2324 3658 κοιλωμάτων
2363 3587 2586 3642 &vait->m-

1573 3671 1873 3741 ρωματικὴν,
1891 3670 2179 3738 καθαρταὴν
2199 3669 2435 3737 ῥυπαρῶν
2450 3704 2465 3730 ,
2483 3677 2585 3718 etc.

1583 3751 1713 3802 «vis
1735 3748 1783 3800 ei
1806 3747 2150 3818 adstringere,
2169 3759 2265 3798 etc.
2291 3769 2313 3790 n
2353 3744 2532 3796 Ham.

1661 3848 1710 3880 a.
1747 3829 1818 3880 Et
1850 3847 1916 3880 ωε
1943 3831 2092 3896 ipsum
2121 3824 2192 3875 ad
2214 3828 2371 3876 omnia
2405 3824 2584 3876 eadem.

1578 3907 1690 3959 Hoc
1719 3920 1818 3972 est,
1846 3919 1906 3959 ut
1937 3906 2108 3956 Dione.
2147 3903 2454 3974 explicatius
2487 3917 2591 3956 tra-
