2975 4684
587 388 727 487 594
1123 390 1199 457 c.
1253 339 1841 469 PLINIIJAT.
1893 388 2151 457 HIST.

583 524 784 609 rude,
825 518 1150 615 polirique
1191 520 1382 614 adipe
1425 521 1560 589 suis
1602 519 1899 591 lactentis
1934 520 2293 591 incoctum.
2338 522 2723 614 Liquidum

581 631 796 723 primo
820 624 1148 694 destillare
1167 610 1240 709 ⁷³,
1269 640 1662 719 argumento
1686 637 1845 695 'sunt
1881 626 2179 720 quaedam
2218 628 2393 698 intus
2417 628 2725 697 translu-

583 734 826 815 centia,
859 744 936 799 ut
965 730 1286 814 formicae,
1323 746 1440 799 aut
1467 720 1797 817 culices⁷⁴,
1828 730 2254 826 laceraeque,
2290 756 2453 826 quas
2488 734 2721 803 adhae-

587 840 743 907 sisse
789 822 1110 905 musteo⁷⁵
1151 861 1288 905 non
1323 852 1423 906 est
1460 836 1770 923 dubium,
1808 852 1876 905 et
1913 832 2195 911 inclusas
2228 838 2714 911 indm-acenti.

519 982 542 1015 ι
685 946 847 1011 XII.
894 944 1151 1010 Genera
1178 943 1318 1035 ejus
1344 940 1556 1036 plura.
1589 942 1885 1012 Candida
1908 944 2131 1013 odoris
2158 947 2710 1037 praestantissimi.

579 1048 708 1119 sed
741 1073 865 1117 nec
899 1048 1034 1131 his,
1069 1072 1192 1116 nec
1235 1050 1437 1117 cereis
1472 1050 1757 1141 pretium
1786 1074 1801 1115 ε
1838 1048 2033 1117 fulvis
2066 1052 2279 1142 major
2316 1046 2709 1121 aubtorims.

533 1166 536 1175 '
577 1157 678 1222 Ex
719 1156 794 1223 iis
825 1155 1184 1222 etiamnum
1225 1152 1505 1247 amplior
1542 1152 2123 1240 translucentibus,
2160 1169 2603 1249 praeterquam
2650 1159 2707 1225 si

575 1260 779 1329 nimio
839 1258 1073 1327 ardore
1141 1258 1420 1352 flagrent
1455 1285 1472 1327 .·
1532 1258 1887 1354 imaginem
1931 1260 2191 1355 igneam
2242 1262 2492 1345 inesse,
2558 1288 2703 1331 non

575 1366 824 1461 ignem,
860 1364 1093 1458 placet.
1125 1364 1396 1433 Summa
1427 1361 1569 1432 laus
1600 1363 1893 1435 Falernis
1914 1364 1931 1388 ¹
1971 1390 2008 1433 a
2042 1367 2180 1434 vini
2210 1364 2437 1435 colore
2470 1366 2697 1448 dictis,

575 1470 756 1539 molli
793 1469 1049 1563 fulgore
1077 1471 1457 1563 perspicuis.
1504 1471 1675 1537 Sunt
1710 1485 1776 1537 et
1812 1472 1878 1537 in
1912 1469 2149 1564 quibus
2186 1471 2447 1541 decocti
2484 1472 2699 1542 mellis

573 1574 803 1647 lenitas
838 1574 1106 1668 placeat.
1148 1576 1398 1643 Verum
1428 1575 1558 1643 hoc
1601 1570 1903 1669 quoque²
1941 1590 2170 1645 notum
2212 1576 2355 1645 fieri
2391 1592 2696 1671 oportet,

574 1706 992 1777 quocumque
1031 1680 1260 1759 libeat,
1309 1682 1509 1775 tingi,
1546 1680 1893 1749 hoedorum
1933 1706 2120 1765 seve,
2152 1696 2217 1751 et
2254 1682 2571 1777 anchusae
2602 1708 2697 1753 ra-

507 1826 536 1861 a
570 1788 757 1858 dice:
791 1787 1037 1881 quippe
1065 1788 1260 1853 etiam
1293 1785 1639 1880 conchylio
1665 1785 2061 1855 inficiuntur.
2094 1790 2423 1857 Caeterum
2460 1792 2695 1859 attritu

568 1894 922 1987 digitorum
960 1904 1230 1985 accepta
1268 1890 1501 1961 caloris
1538 1876 1789 1959 anima³
1828 1892 2102 1961 trahunt
2138 1892 2204 1960 in
2244 1918 2313 1962 se
2350 1891 2577 1987 paleas
2612 1920 2691 1964 ac

644 2120 736 2191 73.
761 2120 1010 2192 Liquidum
1022 2122 1178 2187 primo
1189 2118 1446 2171 destillare.
1461 2120 1578 2171 Hoc
1672 2119 1947 2188 Cleopatra
1961 2155 1977 2179 ,
2001 2119 2249 2189 sepulcro
2278 2121 2501 2191 :Vipera
2528 2121 2580 2172 si
2610 2136 2693 2176 tu.

559 2202 733 2271 ipsum
743 2196 1100 2269 experimenta
1114 2195 1431 2248 confirmant
1443 2214 1579 2249 sum·
1668 2198 1817 2251 mulo
1864 2198 2131 2251 nobiliore
2177 2201 2332 2268 jacet.
2376 2224 2398 2245 ι
2432 2198 2583 2253 Vide
2636 2216 2691 2256 et

561 2296 770 2331 morum
810 2276 1047 2329 virorum
1083 2275 1239 2342 hujus
1269 2273 1424 2327 etiam
1461 2277 1575 2329 mvi.
1666 2278 1935 2339 Tacitum,
1962 2276 2053 2328 lib.
2079 2277 2145 2331 de
2164 2279 2403 2331 Moribus
2422 2278 2687 2335 German.

1664 2373 1786 2426 pag.
1818 2347 1945 2425 178'·
1976 2356 2265 2410 Kircherus
2293 2358 2345 2410 in
2372 2376 2467 2411 suo
2500 2378 2687 2414 museo

1663 2452 1871 2489 servare
1898 2454 1951 2488 se
1990 2436 2092 2500 ait,
2123 2436 2222 2490 loc.
2262 2438 2353 2490 cit.
2382 2439 2684 2507 precariam

1662 2511 1911 2567 decadem
1928 2553 1944 2578 ‚
1971 2532 2128 2584 quam
2160 2520 2339 2568 roscit-e
2366 2530 2586 2581 vomat,
2622 2520 2681 2571 in

1662 2610 1764 2663 qua
1790 2606 1923 2664 quot
1942 2594 2170 2648 succinei
2192 2596 2336 2666 globi
2352 2608 2679 2668 spectantur,

1660 2682 1737 2723 tot
1762 2669 2067 2727 differentes
2094 2692 2283 2727 muscae
2307 2688 2445 2728 sunt.
2470 2674 2658 2728 Han.

1744 2750 1835 2821 75.
1870 2752 2074 2805 Musteo.
2102 2752 2337 2807 Recenti.
2364 2754 2543 2808 Han.

560 2354 703 2410 Vide
735 2355 1053 2413 Kitcberum
1077 2364 1318 2406 nostrum
1337 2392 1352 2417 ,
1387 2353 1578 2408 Mundi

560 2437 700 2490 subt.
727 2448 856 2490 tom.
877 2434 961 2497 11,
988 2450 1108 2504 pag.
1141 2432 1211 2503 75
1243 2446 1296 2485 et
1327 2436 1423 2503 7-6.
1453 2434 1523 2487 Η.

639 2520 734 2584 74.
765 2512 834 2567 Ut
842 2514 1089 2581 formicoe,
1126 2524 1214 2564 aut
1243 2514 1416 2564 culices
1429 2553 1444 2578 ,
1472 2526 1572 2567 etc.

559 2594 816 2647 Martialis
838 2632 852 2657 ‚
897 2591 994 2646 lib.
1038 2594 1119 2645 VI
1145 2632 1161 2658 ,
1216 2592 1400 2663 Epigr.
1459 2610 1530 2646 xv
1556 2611 1571 2646 t

563 2700 586 2722 ι
613 2674 755 2726 Dum
783 2670 1139 2725 Phaethontea
1173 2672 1392 2725 formica
1419 2690 1573 2742 vaga·

557 2764 646 2805 tur
691 2753 748 2805 in
797 2752 982 2805 umbra
1002 2788 1017 2813 ,
1046 2752 1318 2823 Implicuit
1361 2764 1571 2803 tenuem

556 2832 766 2887 succina
787 2844 932 2903 gutta
954 2832 1136 2884 feram.
1167 2832 1254 2883 Sic
1273 2828 1435 2883 modo
1452 2848 1570 2900 qun

555 2911 724 2965 fuerat
779 2912 886 2964 vita
933 2922 1240 2979 contempta
1292 2920 1535 2961 manente
1553 2948 1569 2975 ,

554 2990 852 3044 Funeribus
886 2990 1018 3042 facta
1046 3001 1124 3041 est
1159 3004 1302 3041 nunc
1339 2987 1569 3057 pretiosa

553 3070 676 3121 suis.
699 3095 719 3115 ι
735 3070 804 3121 Et
820 3070 856 3121 l.
875 3069 976 3133 IV,
993 3068 1173 3138 Epigr.
1199 3082 1374 3129 xxxix,
1394 3064 1462 3117 de
1481 3068 1566 3137 api

554 3147 747 3199 electro
769 3146 969 3198 inclusa
992 3164 1006 3198 z
1032 3170 1053 3193 ι
1071 3146 1139 3197 Et
1161 3146 1314 3209 latet,
1335 3157 1386 3197 et
1406 3146 1565 3209 lucet,

444 3269 453 3280 .
554 3223 932 3277 Phaethontide
973 3222 1186 3277 condita
1212 3242 1451 3294 gemma,
1487 3224 1566 3277 Ut

552 3302 792 3357 videatur
829 3302 942 3372 apis
985 3316 1194 3356 nectare
1234 3304 1404 3356 clausa
1447 3322 1561 3356 suo.

552 3384 780 3454 Dignum
798 3393 1064 3434 tantorum
1085 3382 1314 3451 pretium
1337 3382 1457 3434 tulit
1473 3383 1564 3435 illa

549 3464 818 3525 laborum;
853 3458 1120 3512 Credibile
1159 3472 1235 3511 est
1277 3461 1442 3531 ipsam
1481 3462 1562 3514 sic

551 3542 777 3595 voluisse
805 3538 963 3593 mori.
987 3564 1009 3584 ι
1033 3539 1102 3591 Et
1129 3538 1309 3609 Epigr.
1345 3558 1466 3604 ux,
1493 3537 1561 3594 de

550 3622 732 3691 vipera
756 3621 948 3674 electro
969 3617 1166 3670 inclusa
1193 3635 1206 3668 :
1239 3642 1262 3663 ι
1291 3618 1563 3672 Flentibus

547 3698 824 3754 Heliadum
843 3698 1018 3763 ramis,
1033 3694 1161 3751 dum
1179 3696 1359 3767 vipera
1377 3699 1561 3768 serpit,

548 3780 726 3833 Fluxit
741 3780 797 3832 in
812 3779 1099 3832 obstantem
1121 3775 1336 3829 succina
1355 3796 1559 3847 gemma

546 3858 727 3912 feram.
751 3860 890 3925 Quae
910 3857 1038 3911 dum
1059 3856 1282 3909 miratur
1293 3856 1480 3927 pingui
1504 3874 1559 3910 se

545 3952 668 3988 rore
695 3938 860 3989 teneri
875 3974 893 4000 ‚
921 3936 1183 3993 Concreto
1201 3935 1362 4005 riguit
1383 3936 1561 3990 vincta

549 4026 761 4080 repente
779 4016 916 4083 gelu.
939 4016 1020 4069 Ne
1037 4016 1136 4072 tibi
1157 4014 1316 4086 regali
1337 4016 1559 4087 placeas,

1736 2830 1863 2885 XII.
1898 2850 1946 2884 1.
1968 2832 2163 2883 Summa
2183 2836 2290 2885 laus
2316 2834 2556 2887 Falernis.
2578 2833 2675 2887 So-

1658 2907 1798 2963 linus
1814 2949 1829 2974 ‚
1846 2929 1961 2981 cap.
1984 2930 2067 2976 xx,
2082 2928 2201 2982 pag.
2222 2918 2252 2976 4
2266 2932 2317 2976 1,
2338 2911 2407 2965 de
2423 2914 2670 2967 succino:

1664 3008 1687 3034 α
1704 2988 1810 3041 Pro
1830 2989 1961 3042 facie
1979 2992 2136 3043 habet
2152 2993 2369 3045 uomina
2384 3010 2401 3045 :
2424 2994 2673 3046 melleum

1654 3064 1866 3132 dicitur,
1886 3082 1935 3121 et
1944 3070 2238 3123 Falernum
2260 3090 2274 3122 :
2296 3084 2584 3143 utrumque
2602 3070 2673 3125 de

1652 3144 1998 3201 similitudine
2045 3160 2139 3201 aut
2181 3150 2291 3202 vini
2306 3188 2324 3214 ‚
2360 3164 2454 3204 aut
2490 3152 2673 3223 utique

1606 3236 1613 3249 ‘
1652 3226 1835 3278 mellis.
1864 3251 1885 3272 ι
1920 3228 2103 3283 ΗΑιιο.

1735 3322 1783 3356 2.
1826 3306 2005 3359 Verum
2053 3308 2141 3359 hoc
2187 3328 2385 3380 quoque.
2432 3306 2670 3363 Isidorus

1650 3382 1763 3436 haec
1786 3384 2035 3450 breviter,
2064 3388 2213 3458 Orig.
2236 3388 2334 3441 lib.
2358 3390 2511 3448 xv1,
2538 3410 2585 3443 c.
2611 3392 2671 3455 8,

1647 3459 1714 3513 de
1764 3464 1975 3519 succino
2004 3483 2021 3517 ε
2056 3466 2454 3541 «Quocumque
2490 3480 2668 3522 autem

1648 3538 1813 3594 modo
1834 3543 1994 3596 libeat
2008 3580 2025 3606 ‚
2052 3544 2302 3616 tingitur3
2324 3566 2449 3599 nam
2468 3548 2669 3601 anchu-

1647 3636 1714 3671 ιω
1742 3620 1919 3675 radice
1946 3624 2329 3696 conchylioque
2358 3626 2609 3680 inficitur.
2634 3652 2657 3673 ι

1648 3698 1825 3753 Banu.

1730 3778 1782 3831 3.
1820 3782 2055 3833 Coetemm
2088 3786 2257 3835 otei-teu
2286 3784 2547 3853 ‹figitur-m
2580 3806 2667 3837 ae·

1646 3872 1781 3928 cepta
1795 3861 1967 3913 caloris
1988 3865 2162 3926 αηὶιηα,
2186 3874 2291 3915 etc.
2306 3864 2449 3935 Lege
2464 3883 2481 3915 ε
2507 3890 2531 3911 e
2552 3865 2667 3918 Ca-

1645 3951 1816 3992 terum
1846 3941 2025 3993 attritu
2050 3940 2339 4013 digitorum
2372 3956 2581 4014 accepta
2604 3945 2661 3995 vi

1645 4016 1834 4071 caloris
1866 4020 2134 4073 attrahunt
2175 4020 2231 4071 in
2274 4038 2335 4074 ae
2378 4022 2545 4093 paleas
2594 4042 2661 4076 ac
