2975 4684
1113 391 1423 458 LIBER
1471 391 1835 460 xxxnl.
2374 391 2531 465 '133

415 526 485 591 in
524 537 773 591 cretam
805 522 1153 591 Eretriam.
1176 523 1296 592 Vis
1331 522 1473 614 ejus
1509 523 1577 591 in
1607 522 1969 609 medicina,
2010 537 2085 592 ut
2123 538 2362 652 purget
2389 523 2532 594 hul·
2572 549 2603 600 3

416 651 588 699 cera.
648 630 882 722 Itaque
937 643 1005 696 et
1059 625 1428 722 emplastris
1480 627 1801 722 adjiciunt
1854 653 1872 697 :
1927 629 2085 697 item
2106 626 2121 651 ¹
2210 631 2533 701 causticis.

413 736 677 803 Teritur
692 748 912 803 autem
945 731 1333 802 difficillime
1364 733 1440 802 sil
1459 733 1526 802 ¹⁷.
1558 738 1637 802 ln
1666 734 1990 804 medendo
2012 720 2061 758 ¹⁸
2102 731 2335 804 leviter
2354 761 2534 804 mor-

420 839 565 924 det,
599 841 1031 935 astringitque
1054 893 1074 927 ‚
1124 853 1191 908 et
1226 838 1444 933 explet
1476 838 1765 910 hulcera.
1804 841 2041 911 Uritur
2071 840 2139 908 in
2184 839 2537 928 fictilibus,

417 960 492 1014 ut
547 947 778 1038 prosit.
853 947 1074 1015 Pretia
1134 964 1387 1033 rerum,
1438 971 1585 1040 quae
1640 971 1918 1040 usquam
1972 945 2356 1040 posuimus,
2400 972 2537 1016 non

413 1052 796 1146 ignoramus
838 1051 964 1121 alia
995 1053 1062 1120 in
1097 1049 1240 1121 aliis
1275 1050 1435 1121 locis
1473 1077 1649 1140 esse,
1692 1066 1759 1121 et
1790 1051 2095 1122 omnibus
2131 1076 2317 1146 paene
2346 1055 2535 1122 annis

412 1159 684 1242 mutari,
728 1171 928 1252 prout
975 1158 1426 1252 navigationes
1469 1158 1886 1228 constiterint
1907 1209 1926 1241 ,
1990 1171 2107 1224 aut
2144 1171 2221 1225 ut
2262 1159 2535 1252 quisque

413 1277 743 1332 mercatus
791 1265 906 1351 sit,
959 1277 1074 1333 aut
1130 1262 1363 1357 aliquis
1415 1262 1779 1356 praevalens
1826 1285 2141 1355 manceps
2200 1287 2532 1332 annonam

414 1367 697 1463 flagellet
711 1367 760 1406 ²⁹
793 1398 809 1438 z
849 1393 984 1437 non
1025 1367 1212 1438 obliti
1245 1369 1654 1437 Demetrium
1695 1391 1734 1436 a
1778 1382 1918 1436 tota
1954 1365 2229 1460 seplasia
2247 1365 2297 1392 ²⁰
2328 1367 2533 1436 Nero-

415 1476 518 1544 nis
552 1475 928 1568 principatu
964 1487 1343 1543 accusatum
1389 1472 1568 1568 apud
1602 1469 1905 1542 consules
1936 1473 2132 1566 :poni
2168 1486 2392 1541 tamen
2420 1497 2534 1541 ne-

413 1582 770 1650 cessarium
807 1579 971 1662 fuit,
1025 1602 1172 1671 quae
1227 1571 1635 1672 plerumque‘
1658 1591 1848 1646 erant
1888 1578 2155 1661 Romoe,
2199 1592 2279 1646 ut
2310 1581 2533 1673 expri-

413 1698 710 1752 meretur
742 1697 1100 1752 auctoritas
1133 1707 1375 1751 rerum.

410 1865 692 1918 incon-ulei
714 1865 1080 1937 experimento
1098 1864 1328 1929 Plinius,
1350 1866 1424 1919 sie
1513 1883 1625 1936 quo
1665 1865 1986 1936 exemplari,
2046 1891 2069 1914 ι
2117 1868 2308 1920 teritur
2359 1880 2533 1920 autem

410 1946 568 1998 etiam
601 1944 656 1997 in
696 1945 793 1998 sile
837 1942 1116 2016 probando
1147 1944 1425 1998 Vitruvius

411 2025 604 2077 violam
629 2022 1028 2089 adsciscit,V11‚
1059 2031 1129 2088 ¹4
1146 2063 1162 2087 ,
1190 2043 1247 2096 p.
1276 2025 1378 2087 148
1403 2042 1419 2076 :

418 2129 441 2151 ι
466 2104 648 2176 Itaque
688 2102 969 2167 tinctores,
1012 2104 1212 2174 inquit,
1253 2121 1420 2173 quum

411 2183 598 2236 volunt
639 2183 702 2235 sil
744 2183 984 2235 Atticum
1035 2173 1264 2247 imitari,
1307 2182 1423 2235 vio-

409 2262 514 2314 lam
565 2261 766 2316 aridam
825 2261 1172 2332 conjicientes
1225 2261 1282 2314 iu
1335 2279 1426 2315 vae

408 2359 530 2394 cum
562 2361 725 2413 aqua,
758 2340 1188 2396 confervefaeere
1226 2339 1426 2394 faciunt

409 2419 476 2473 ad
502 2421 708 2492 iguem:
747 2419 944 2474 deinde
981 2439 1147 2492 quum
1189 2433 1266 2474 est
1293 2433 1424 2474 tem·

409 2513 651 2570 peratum
669 2537 686 2562 ‚
727 2498 1018 2571 conjiciunt
1057 2501 1115 2554 in
1160 2500 1385 2554 linteum
1401 2535 1420 2563 ,

412 2592 465 2633 et
491 2579 614 2633 inde
639 2579 880 2633 manibus
913 2581 1269 2651 exprimentes
1287 2617 1304 2642 ,
1337 2597 1424 2632 re·

409 2658 620 2728 cipiunt
661 2659 716 2710 in
759 2659 1072 2712 mortarium
1117 2677 1309 2731 aquam
1355 2675 1422 2712 ex

407 2735 564 2790 violis
588 2733 872 2790 coloratam
887 2776 904 2802 ,
927 2750 981 2791 et
1003 2755 1146 2791 exea
1161 2737 1422 2794 Eretriam

411 2813 822 2886 perfundentes,
846 2828 901 2868 et
918 2819 1024 2887 jam
1059 2827 1284 2872 terentes
1300 2857 1317 2882 ,
1342 2816 1422 2869 ef·

409 2893 607 2952 ficiunt
633 2893 744 2946 silis
771 2894 935 2948 Attici
961 2894 1210 2948 colorem.
1234 2919 1257 2943 n
1291 2895 1359 2947 H.

501 2977 587 3025 16.
635 2973 755 3024 Item
791 2975 1029 3026 causticis.
1064 2972 1276 3026 Modico
1308 2991 1428 3028 exe-

407 3045 539 3106 dere
565 3051 744 3106 Dione.
782 3051 854 3105 ait
882 3053 953 3118 V,
982 3055 1108 3105 106.
1137 3051 1320 3106 Ham).

501 3149 524 3184 t
535 3150 568 3203 7
579 3171 592 3186 .
605 3131 798 3186 Ter-itur
807 3129 1097 3202 difficillime
1105 3133 1186 3186 sil.
1203 3133 1269 3186 In
1289 3131 1426 3186 anti·

1510 1943 1856 2010 difficillime3
1884 1969 1907 1992 ι
1940 1945 2163 1999 verbum
2188 1964 2317 2000 vero
2337 1947 2407 1999 sil
2422 1965 2533 2000 non

1512 2024 1706 2095 legitur
1731 2022 1952 2078 ibidem.
1983 2023 2139 2078 Pur.

1596 2105 1682 2156 18.
1710 2103 1773 2155 In
1802 2103 2045 2156 medendo.
2079 2105 2255 2158 Dione.
2282 2107 2353 2170 V,
2400 2108 2528 2171 108,

1509 2180 1577 2236 de
1600 2182 1760 2237 ochra
1780 2219 1796 2246 ,
1828 2183 1937 2236 sive
1963 2183 2077 2235 sile.
2110 2182 2289 2238 Ham).

1600 2281 1685 2331 19.
1722 2263 1982 2314 Annonam
2002 2263 2246 2334 flagellet.
2296 2262 2399 2315 Alii
2442 2264 2528 2316 iu·
2586 2311 2604 2330 „

1510 2339 1761 2405 uendere,
1830 2359 1986 2394 urere
2000 2381 2016 2403 ‚
2090 2339 2495 2394 excandefacere
2510 2379 2528 2406 ,

1511 2438 1699 2474 vexare
1724 2418 1936 2484 dicunt,
1958 2421 2066 2473 hoc
2095 2434 2174 2474 est
2191 2457 2209 2484 ‚
2225 2421 2423 2474 inferre
2441 2439 2528 2475 ca·

1509 2499 1719 2554 ritatem
1748 2517 1989 2554 annona.
2010 2498 2193 2556 Ham.

1596 2597 1685 2632 ao.
1700 2579 1753 2630 A
1774 2588 1875 2630 eota
1890 2579 2115 2648 seplasia.
2136 2580 2335 2650 Capua
2348 2579 2527 2632 forum

1510 2670 1565 2711 et
1598 2655 1748 2710 vicus
1779 2656 1917 2721 fuit,
1952 2658 2010 2710 in
2042 2677 2152 2729 quo
2192 2659 2525 2730 unguentarii

1508 2736 1933 2806 negotiabantur,
1984 2749 2047 2790 ut
2100 2737 2227 2790 alibi
2274 2737 2524 2792 diximus.

1510 2815 1629 2869 Hoc
1644 2816 1767 2869 loco
1785 2816 2159 2886 unguentarios
2177 2817 2323 2882 urbia
2345 2818 2529 2871 Romo

1512 2908 1669 2967 atque
1698 2894 2078 2966 pigmentarios
2100 2909 2347 2968 putamus
2374 2896 2530 2949 intel-

1511 2974 1634 3046 ligi,
1678 2973 2032 3045 appellatione
2072 2973 2303 3030 deducta
2349 2975 2418 3029 ab
2465 2993 2530 3028 eo

1511 3055 1710 3126 Capua
1740 3053 1888 3116 vico,
1915 3053 2009 3125 qui
2033 3055 2139 3110 fuit
2156 3055 2243 3110 hi·
2268 3054 2531 3110 mercibus

1512 3134 1817 3188 attributus.
1848 3131 2031 3188 Han.
