2975 4684
430 261 521 346 34

978 257 1443 327 C.PL1N11
1491 257 1708 328 NAT.
1761 252 2044 362 HIST.

427 395 777 492 digitisque
810 393 997 472 totis,
1024 351 1241 477 collo,
1262 390 1570 481 auribus,
1602 389 1834 488 spiris:
1865 329 2301 457 discurrantm
2311 399 2562 456 catenae

430 505 611 574 circa
631 498 873 585 latera,
906 511 975 566 et
990 495 1259 567 inserta
1270 495 1819 593 'margaritarum
1854 493 2152 590 pondera
2175 517 2213 562 e
2245 489 2419 562 collo
2447 492 2563 561 do-
2634 513 2675 557 .·
2709 515 2714 524 ·

432 610 765 679 minarum
803 629 968 673 auro
1006 603 1377 699 pendeant,
1399 619 1475 673 ut
1511 605 1576 673 in
1609 627 1844 673 somno
1873 597 2173 694 quoque⁸
2183 596 2561 687 'unimam
2592 607 2606 626 ’·

434 711 836 785 conscientia
874 709 1097 780 adsit:
1132 711 1417 779 etiamne
1443 693 1780 806 pedibusss
1817 708 2134 795 induitur,
2165 719 2365 800 atque
2392 706 2564 774 inter

434 804 734 892 stolam¹⁴
776 817 1171 913 plebemque
1220 816 1400 886 hunc
1440 816 1734 887 medium
1770 814 2165 884 feminarum
2193 823 2595 906 equestrem¹

434 926 737 997 ordinem
772 921 973 992 facit?
994 923 1350 992 Honestius
1381 924 1506 992 viri
1535 919 1968 1018 paedagogiis¹
1973 906 2082 992 ⁵id
2103 918 2370 990 damna.
2398 917 2563 988 bali-

436 1028 765 1128 neasque²
771 1013 1017 1099 ⁶dives
1082 1053 1445 1124 puerorum
1510 1029 1726 1099 forma
1787 1030 2133 1100 convertit.
2199 1029 2349 1096 Jam
2405 1049 2566 1095 vero

448 1207 623 1262 latus’
608 1226 665 1260 ιιι
690 1205 965 1278 publicum
986 1205 1306 1276 processit·
1255 1245 1270 1268 ,
1284 1217 1464 1258 ntestc

446 1287 759 1359 Tranquillo
772 1301 787 1338 ι
802 1285 968 1338 Carus
978 1283 1191 1350 deinde,
1210 1298 1263 1340 ct
1273 1285 1383 1340 alii.
1392 1284 1462 1336 H.

532 1386 618 1421 10.
657 1365 953 1417 Discurrunt
993 1379 1193 1418 caeenoe.
1238 1363 1465 1436 Cingula

450 1465 513 1500 ex
546 1465 676 1499 auro
702 1443 967 1514 intelligit.
994 1443 1180 1498 Ηιιω.

530 1545 555 1580 1
572 1545 597 1580 ι
611 1562 625 1578 .
653 1525 706 1579 E
709 1537 729 1576 t
746 1528 923 1576 inserta
950 1527 1324 1595 margaritarum
1344 1541 1469 1594 pon·

446 1607 566 1658 dem
610 1625 638 1658 e
684 1605 809 1657 collo
846 1603 1145 1656 dominarum
1191 1623 1310 1655 auro
1348 1621 1470 1673 pen-

446 1686 623 1751 deant,
660 1696 715 1736 ut
750 1687 801 1734 1⁸12
830 1701 995 1734 somno
1029 1702 1213 1754 quoque
1245 1685 1469 1734 unionum

447 1766 735 1818 consciencia
778 1761 923 1812 adsit.
974 1762 1037 1813 In
1081 1763 1212 1831 Reg.
1266 1779 1293 1810 a
1345 1759 1467 1812 cod.

452 1856 509 1897 ut
538 1848 589 1895 in
618 1858 803 1903 somno,
824 1839 985 1891 unius
1014 1838 1265 1904 litterula
1284 1835 1472 1891 discri-

450 1922 619 1986 mine,
651 1918 743 1972 sed
768 1935 949 1970 errore
976 1917 1195 1969 minime
1226 1918 1471 1970 obscuro.

454 2001 598 2064 Alii,
627 2023 651 2046 ι
680 2010 741 2050 ιιι
780 1995 837 2048 in
861 2014 1046 2049 somno
1068 2013 1281 2068 qnoque
1297 2033 1313 2059 ,
1333 2007 1466 2049 etc..

454 2081 523 2134 Et
552 2077 705 2149 prius
718 2114 735 2142 ,
788 2102 811 2125 ι
833 2075 1028 2130 inserta
1072 2074 1476 2146 margaritarum

454 2157 695 2229 pondera
712 2195 727 2222 ,
755 2181 778 2204 ι
811 2155 1009 2209 habent
1034 2155 1189 2209 MSS.
1213 2173 1399 2210 omnes
1422 2166 1478 2208 et

454 2249 673 2292 vetusto
700 2235 994 2299 editionem
1030 2253 1172 2299 non,
1206 2245 1265 2287 ut
1304 2233 1477 2288 codex

456 2316 691 2372 Pintiani
732 2315 1081 2386 interpolatus
1121 2315 1313 2381 habet,
1364 2341 1387 2364 ι
1416 2316 1475 2368 in

459 2410 661 2452 secreto
720 2395 1125 2466 margaritarum
1178 2395 1408 2462 sacculi3
1446 2420 1469 2443 ι.

461 2495 581 2549 quae
624 2487 894 2548 postrema
928 2492 1032 2526 vox
1074 2473 1334 2545 glossema
1371 2487 1479 2542 est,

462 2557 583 2610 loco
609 2553 755 2610 vocis
776 2554 1107 2625 primigenia!
1121 2593 1138 2618 ,
1156 2555 1389 2624 pondera.
1410 2556 1477 2607 H.

460 2667 545 2682 --
562 2636 613 2688 E
616 2647 639 2687 t
658 2641 835 2686 inserta
857 2636 1229 2704 margaritarum
1245 2633 1477 2704 pondera.

462 2717 610 2769 Brot.
642 2733 708 2768 ex
734 2713 889 2767 MSS.
922 2715 1087 2786 Regg.
1120 2735 1149 2767 ει
1168 2752 1182 2773 ,
1211 2714 1241 2766 3
1268 2751 1285 2780 ,
1312 2727 1365 2767 et
1395 2712 1480 2765 ed.

463 2794 742 2868 principe,
782 2819 805 2842 ι
834 2804 890 2846 et
916 2795 973 2847 in
1000 2806 1201 2848 secreto
1228 2791 1481 2864 margari-

466 2889 641 2929 tarum
689 2873 881 2928 aaccnli
911 2899 935 2922 ι
959 2912 975 2938 ,
1003 2873 1107 2926 boc
1154 2884 1267 2935 est,
1309 2873 1364 2924 in
1406 2889 1485 2924 ae-

434 2973 442 2985 ·
464 2953 785 3008 cretici-ibus
803 2951 1007 3006 sedibus
1027 2951 1483 3026 dormitor-iisque,

466 3047 523 3088 et
548 3035 723 3088 statim
754 3051 906 3097 mox,
944 3057 967 3080 ιι
984 3033 1040 3086 ἰιι
1072 3033 1209 3086 collo
1238 3031 1485 3086 domina·

466 3132 589 3166 rum
611 3131 793 3166 aureo.
811 3138 834 3160 n
873 3114 980 3166 En.

555 3212 580 3247 ι
594 3212 643 3244 a.
678 3192 748 3245 Ue
783 3195 835 3244 ὶιι
866 3211 1029 3244 somno
1056 3211 1254 3264 quoque.
1282 3191 1360 3245 Ut
1401 3191 1487 3245 vel

468 3291 567 3344 per
590 3289 838 3325 somnum
853 3283 1133 3324 occurrant
1146 3271 1325 3325 animo
1346 3289 1486 3324 mar-

470 3352 651 3424 garitas
670 3370 800 3422 quas
818 3361 1039 3422 gestant.
1062 3351 1246 3405 Ηιιιυ.

558 3451 583 3486 1
598 3433 650 3487 3.
674 3431 903 3484 Etiamne
926 3429 1144 3500 pedibus.
1174 3429 1372 3494 soccia,
1394 3429 1489 3500 qui

472 3512 683 3566 circulis
708 3529 771 3564 ex
802 3528 933 3563 auro
960 3509 1143 3562 vincti.
1164 3509 1349 3563 Ηιιιι).

560 3611 583 3646 1
598 3597 649 3655 4.
668 3593 834 3661 Atque
854 3593 980 3642 inter
1002 3589 1191 3642 stolam.
1213 3585 1491 3654 Quemad-

476 3669 695 3725 modum
741 3670 795 3722 in
833 3669 962 3722 viris
1003 3687 1192 3722 aurum
1224 3667 1281 3721 in
1318 3667 1492 3722 anulis

471 3748 831 3822 distinguebat
874 3768 905 3802 a
944 3749 1090 3801 curia
1127 3759 1182 3802 et
1220 3766 1249 3801 a
1278 3747 1492 3818 plebeio

472 3829 661 3883 ordine
686 3829 919 3902 equites,
938 3841 1099 3899 atque
1129 3826 1367 3881 medium
1396 3845 1487 3881 or-

470 3907 654 3963 dinem
684 3911 909 3966 faciebat
934 3927 948 3962 :
986 3909 1059 3963 ita
1090 3907 1146 3960 iu
1180 3906 1492 3962 mulieribus

1549 1223 1738 1259 aurum
1784 1204 2042 1277 compede
2085 1215 2342 1276 gestatum
2389 1201 2572 1259 distin·

1550 1287 1747 1356 guebat
1781 1285 2054 1339 libertinas
2089 1297 2204 1338 tum
2251 1303 2280 1336 a
2319 1284 2452 1338 stola
2467 1322 2484 1351 ,
2511 1283 2570 1338 id

1553 1377 1659 1428 est,
1713 1365 1966 1418 matronis
2029 1365 2264 1418 honestis
2280 1401 2297 1427 ,
2366 1376 2478 1417 tum
2541 1382 2570 1417 a

1551 1445 1707 1516 plebe
1722 1445 1883 1516 inope
1899 1461 1914 1498 ε
1933 1445 2110 1516 itaque
2131 1442 2371 1496 medium
2393 1461 2573 1515 quem-

1555 1523 1680 1578 dam
1717 1536 1768 1577 et
1806 1523 1974 1577 veluti
2025 1535 2320 1596 equestrem
2360 1523 2574 1576 femina·

1553 1623 1674 1659 rum
1694 1603 1937 1658 ordinem
1956 1603 2198 1658 faciebat.
2219 1605 2360 1658 Cave
2375 1601 2576 1656 calceo·

1554 1703 1678 1737 rum
1697 1695 1942 1737 ornatum
1964 1684 2093 1737 hinc
2109 1683 2322 1754 colligas
2345 1683 2402 1735 in
2424 1681 2575 1736 femi-

1555 1763 1639 1815 nis
1669 1763 1925 1832 equestris
1954 1761 2158 1814 ordinis
2187 1763 2334 1814 hunc
2364 1761 2522 1814 fuisse
2558 1779 2573 1814 :

1555 1859 1667 1894 non
1705 1858 1767 1893 ea
1799 1840 1960 1892 Plinii
1999 1840 2257 1892 sententia
2295 1853 2414 1893 estt
2453 1859 2578 1894 nam

1555 1918 1814 1990 equestris
1839 1917 2044 1972 ordinis
2077 1929 2332 1972 matrona
2367 1930 2424 1972 et
2450 1920 2576 1991 ipsa

1559 1999 1718 2069 longa
1743 2009 1912 2062 veste,
1952 1997 2058 2050 hoc
2085 2009 2195 2066 est,
2227 1997 2362 2052 stola
2384 2011 2580 2053 matro-

1563 2079 1670 2132 nali
1693 2097 1819 2130 usae.
1849 2077 1924 2131 At
1951 2077 2243 2144 libertino,
2281 2078 2580 2152 quibusque

1562 2158 1747 2211 Venus
1774 2176 1885 2211 non
1919 2157 2278 2228 impermissa,
2310 2159 2478 2229 q'unm
2505 2159 2582 2212 al-

1561 2237 1668 2290 tius
1712 2236 1917 2291 tunicas
1972 2237 2373 2309 succingerent,
2413 2251 2476 2291 ut
2517 2257 2582 2292 ex

1565 2315 1766 2370 Ovidio
1796 2330 1848 2370 et
1875 2317 1991 2370 aliis
2010 2316 2364 2389 scriptoribus
2383 2317 2552 2390 liquet
2567 2351 2585 2380 ‚

1565 2395 1725 2470 pedes
1761 2397 1976 2450 circulis
2014 2397 2192 2450 aureis
2217 2398 2383 2450 cultos
2407 2410 2585 2451 osten·

1563 2478 1764 2530 tabant.
1809 2478 1890 2529 lta
1923 2477 2129 2548 egregie
2172 2477 2477 2542 Ferrarius,
2515 2475 2585 2529 de

1565 2557 1645 2609 Re
1664 2559 1805 2610 Vest.
1825 2557 1918 2608 lib.
1947 2557 2030 2608 111
2047 2595 2061 2620 ,
2091 2576 2137 2608 c.
2161 2573 2250 2627 17,
2277 2574 2332 2626 p.
2355 2573 2486 2626 2²7.
2513 2555 2584 2609 H.

1651 2654 1674 2688 1
1687 2635 1736 2689 5.
1758 2636 2088 2706 Paedagogae'ae's.
2123 2637 2418 2689 Puerorum
2455 2625 2586 2688 edu-

1567 2715 1766 2769 cationi
1803 2733 1817 2768 :
1853 2716 1947 2787 qui
1979 2715 2150 2767 bullas
2181 2717 2365 2769 aureas
2393 2731 2424 2766 e
2447 2715 2587 2768 collo

1571 2813 1846 2866 suspensas
1918 2795 2209 2866 gestabant.
2280 2793 2587 2868 Poedagogia

1568 2875 1724 2946 pueri
1752 2873 2027 2941 dicuntur,
2062 2875 2156 2946 qui
2183 2873 2239 2926 in
2261 2874 2465 2928 deliciis
2493 2874 2592 2928 ha·-
2631 2903 2640 2914 ·

1569 2955 1794 3017 beatur,
1833 2955 1916 3008 vel
1959 2971 2250 3026 puerorum
2280 2951 2586 3007 multitudo.

1572 3035 1707 3087 Du..
1739 3065 1813 3076 —
1831 3035 2164 3104 Paedagogiis.
2193 3033 2272 3087 Ut
2298 3033 2590 3106 periscelia,

1573 3127 1864 3184 ceteraque
1898 3107 2098 3185 pedum
2137 3127 2188 3166 et
2222 3129 2437 3166 crurum
2470 3114 2590 3165 vin·

1571 3194 1688 3246 cula
1715 3193 1944 3246 habeant
1971 3211 2157 3256 aurea,
2184 3191 2485 3265 pedagogiis
2507 3209 2590 3246 re-

1569 3272 1885 3345 linquimus.
1906 3270 2276 3344 Paedagogium
2299 3285 2490 3326 coetum
2507 3290 2593 3326 so·

1573 3363 1666 3405 nat
1691 3371 2013 3423 puerorum,
2037 3353 2132 3424 qui
2170 3352 2229 3405 in
2277 3349 2477 3406 deliciis
2501 3353 2596 3405 ha-

1575 3433 1786 3484 bentur.
1818 3431 1958 3484 Hinc
1981 3429 2254 3485 deminuta
2275 3449 2410 3486 voce
2438 3430 2593 3504 pueri

1577 3512 1842 3565 nobilium
1886 3511 2116 3565 ministri
2157 3515 2300 3582 pagii
2323 3511 2468 3583 apud
2498 3529 2596 3564 nos

1577 3591 1914 3664 'appellantur
1929 3629 1946 3657 ,
1971 3591 2040 3644 les·
2062 3611 2232 3662 peges.
2256 3594 2337 3645 De
2364 3592 2448 3644 his
2467 3591 2602 3644 infe·

1577 3671 1690 3725 rius
1717 3671 1916 3725 iterum
1939 3689 2055 3744 cap.
2093 3671 2190 3736 54.
2215 3669 2399 3724 Haut).

1668 3753 1753 3804 16.
1789 3752 2138 3824 Balineasque,
2172 3763 2274 3804 etc.
2317 3751 2408 3804 Sic
2443 3745 2597 3802 MSS.

1585 3849 1786 3884 omnes.
1811 3831 2050 3886 Balineas
2087 3849 2116 3884 a
2148 3831 2358 3884 balineo
2379 3828 2601 3883 differre

1581 3911 1754 3964 Varro
1776 3910 2051 3977 admonet,
2079 3907 2226 3982 quod
2249 3910 2352 3964 illo
2375 3908 2483 3964 sint
2504 3926 2605 3981 pu·
