2975 4684
1046 375 1363 443 LIBER
1410 375 1817 444 XXXVII.

2358 366 2494 439 585

379 505 629 576 Padum
674 528 1037 576 vocamus.
1076 521 1145 575 et
1189 505 1508 576 electrum
1551 503 1991 600 appellatum,
2033 503 2344 622 quoniam
2397 503 2496 571 sol

380 613 703 681 vocitatus
750 613 832 680 sit
878 597 1202 697 Elector,
1252 609 1513 706 plurimi
1560 624 1770 706 poetae
1821 609 2079 695 dixere,
2138 609 2498 703 primique,

382 733 459 786 ut
488 717 797 803 arbitror,
821 716 1195 810 AEschylus,
1228 716 1662 803 PhiloxenuS,
1691 714 2046 799 Nicander,
2079 713 2475 809 Euripides⁹
2478 766 2498 799 ,

380 825 665 918 Satyrus.
706 823 907 912 Quod
944 847 1084 896 esse
1127 821 1397 905 falsum,
1433 821 1636 892 Italiae
1669 822 2047 890 testimonio
2087 834 2289 914 patet.
2331 817 2494 888 Dili-

384 931 711 1023 gentiores
745 927 1066 1010 eorum¹⁰‚
1104 928 1469 998 Electridas
1518 925 1824 998 insulas¹¹
1862 927 1930 994 in
1971 927 2135 994 mari
2163 925 2500 995 Adriatico

382 1059 521 1104 esse
548 1034 889 1118 dixerunt,
916 1035 999 1103 ad
1022 1059 1185 1128 quas
1210 1035 1608 1104 dilaberetur
1627 1032 1864 1102 Padus.
1885 1033 2036 1120 Qua
2063 1030 2502 1124 appellatione
2540 1044 2572 1098 3

382 1139 595 1210 nullas
632 1165 947 1234 umquam
985 1141 1073 1209 ibi
1112 1141 1309 1210 fuisse
1332 1195 1351 1228 ,
1386 1155 1643 1210 certum
1681 1151 1823 1208 est:
1868 1161 1990 1205 nec
2027 1160 2188 1205 vero
2219 1136 2384 1208 ullas
2409 1140 2501 1207 ibi

382 1247 713 1341 appositas
734 1271 877 1316 esse
894 1299 915 1330 ,
946 1247 1011 1314 in
1047 1270 1207 1339 quas
1233 1245 1586 1340 quidquam
1614 1269 1810 1316 cursu
1831 1243 1988 1312 Padi
2013 1242 2250 1311 devehi
2279 1245 2500 1337 possit.

382 1353 556 1420 Nam
606 1351 783 1446 quod
826 1350 1170 1444 AEschylus
1226 1355 1291 1419 in
1344 1353 1601 1438 Iberia,
1643 1351 1773 1420 lioc
1826 1347 1987 1418 est²²
1995 1401 2014 1434 ‚
2048 1350 2115 1416 in
2159 1349 2506 1442 Hispania,

382 1455 745 1526 Eridanum
794 1479 935 1524 csse
978 1455 1181 1538 dixit,
1208 1457 1655 1588 eumdemqpe
1699 1453 2016 1550 appellari
2059 1453 2506 1522 Rhodanum·

384 1560 733 1654 Euripides
767 1585 1027 1647 rursus,
1063 1576 1129 1630 et
1150 1507 1586 1656 Apollonius¹³
1618 1565 1684 1630 in
1723 1561 2057 1630 Adriatico
2096 1558 2316 1628 littore
2350 1583 2508 1628 con·

386 1664 591 1734 fluere
636 1663 1039 1734 Rhodanum
1095 1681 1163 1736 et
1216 1667 1520 1736 Padum·
1568 1667 1924 1736 faciliorem
1975 1663 2270 1734 veniam'

2278 1652 2514 1733 ⁴facit

386 1772 669 1864 ignorati
708 1771 994 1858 succini,
1029 1773 1097 1839 in
1138 1787 1323 1842 tanta
1371 1773 1552 1842 orbis
1591 1773 1988 1868 ignorantia.
2039 1770 2510 1890 ModestioreS,

388 1875 501 1946 sed
545 1901 727 1995 aeque
767 1875 1003 1945 falsum
1046 1878 1437 1972 prodidere,
1478 1880 1544 1947 in
1585 1880 1898 1948 extremis
1961 1877 2274 1946 Adriatici
2327 1877 2507 1945 sinus

387 1982 713 2076 rupibus*
695 1983 887 2050 inviis
930 1983 1199 2052 arbores
1230 1998 1446 2067 stare,
1499 2009 1648 2103 qnae
1689 1986 1890 2054 Canis
1927 1997 2078 2052 ortu
2121 1982 2254 2050 hoe
2288 1971 2508 2069 effun-

360 2086 619 2156 derent
672 2088 939 2182 gummi.
1000 2087 1496 2185 Theophrastus
1552 2091 1620 2158 in
1676 2091 1945 2184 Liguria
1994 2073 2260 2158 effodi*

467 2259 523 2312 8.
555 2257 771 2308 Elector.
817 2246 1083 2327 ἠλέκτωρ,
1119 2255 1266 2328 quod
1305 2276 1402 2310 nos

388 2337 643 2405 ἀλίκτρους
658 2371 671 2391 ,
696 2335 797 2386 hoc
816 2348 909 2399 eet,
926 2336 1039 2388 sine
1058 2335 1197 2388 lecto
1220 2337 1371 2389 faciat
1384 2375 1402 2400 ‚

388 2426 443 2466 et
458 2433 485 2466 a
500 2433 687 2466 somno
710 2413 1154 2484 lectoque-excitet
1172 2435 1183 2465 :
1207 2415 1399 2481 τεύχεσι

388 2495 683 2564 παμφαίνων
707 2495 921 2563 ’ἠλέκτωρ
959 2490 1206 2554 tetam.
1246 2491 1399 2545 Iliad.

390 2578 445 2624 Z.
476 2573 767 2626 Damc.--
794 2574 1003 2625 Elector.
1046 2572 1227 2624 Potius
1262 2569 1321 2624 id
1352 2573 1402 2624 ei

389 2670 583 2706 nomen
608 2665 687 2706 est
706 2653 775 2707 ab
802 2652 980 2705 electri
1002 2650 1303 2724 splendore.
1333 2652 1402 2703 Η.

388 2760 469 2772 -
512 2733 725 2784 Elector.
766 2731 853 2783 Sol
906 2730 1139 2783 Homero
1186 2730 1407 2800 aliisque

388 2827 524 2879 uepe
548 2806 741 2862 dicitur
764 2811 999 2879 ἠλέκτωρ.
1028 2811 1193 2860 Bnor.

471 2905 526 2956 9.
558 2888 829 2956 Euripides.
879 2889 1068 2940 Petrus
1098 2887 1369 2941 Victorius
1388 2923 1405 2952 ‚

388 2965 482 3020 tib.
508 2965 681 3029 XXV,
700 2983 817 3038 cap.
847 2971 906 3031 4,
934 2965 1203 3036 Apollonii
1223 2984 1404 3018 versus

390 3057 443 3099 et
486 3043 756 3115 Euripidis
800 3063 869 3097 ex
906 3045 1201 3118 Hippolyto
1246 3062 1403 3099 coro-

389 3137 515 3178 nato
534 3125 736 3177 recitat.
759 3124 965 3178 Duae.

476 3224 562 3258 ιο.
594 3204 930 3274 De'ligentiores
966 3225 1141 3256 eorum.
1179 3205 1403 3275 Apollo-

388 3286 511 3339 nius
527 3282 767 3336 Rhodius
780 3323 795 3348 ,
812 3288 1005 3355 Argon.
1029 3285 1123 3337 lib.
1148 3285 1249 3348 IV,
1264 3303 1399 3337 vers.

394 3363 520 3420 506.
568 3363 679 3429 Qui
724 3361 1035 3416 Radaunum
1084 3382 1289 3416 amnem
1316 3359 1401 3425 (is

389 3445 697 3497 Dantiscnm
730 3433 1077 3512 preterfluit)
1111 3461 1209 3513 pro
1254 3443 1400 3496 Rho-

390 3523 531 3576 dano
588 3535 863 3592 acceptum
904 3541 935 3574 a
974 3521 1256 3576 Veteribus
1306 3541 1400 3574 vo-

390 3602 535 3665 lunt,
572 3603 739 3673 )πίρους
765 3607 1005 3672 ληροῦσιν.
1038 3602 1109 3654 11.
1140 3633 1218 3644 —
1242 3600 1399 3656 Conf.

389 3699 549 3750 supra
574 3695 685 3734 not.
712 3699 764 3749 7.
788 3681 889 3733 En.

476 3777 497 3811 ι
520 3778 563 3811 t».
589 3761 859 3812 Electridas
880 3761 1077 3813 insutas.
1109 3759 1403 3812 Electridrs

392 3836 575 3890 insula
613 3851 733 3892 sunt
786 3839 841 3892 in
892 3839 1019 3908 ipsiu
1065 3837 1315 3904 Vistula,
1352 3839 1403 3890 la

394 3915 611 3980 Vistnle,
637 3917 801 3972 ostiis.
835 3921 1003 3975 Bne-r.

474 4013 493 4048 t
510 4015 558 4048 α.
585 3996 693 4047 Hoc
712 4009 809 4060 est,
842 4001 891 4050 in
910 3999 1171 4067 Hispania.
1193 3999 1261 4051 At
1282 3999 1397 4051 Ibe-

2323 2086 2504 2156 dixit.
2547 2108 2578 2167 4

1488 2257 1581 2310 rioe
1607 2257 1825 2311 nomine
1853 2253 2192 2310 vetustissimi
2233 2255 2512 2326 scriptores

1486 2336 1792 2390 intellexere
1837 2347 2060 2389 tractum
2103 2353 2315 2387 omnem
2359 2334 2512 2388 illum

1489 2427 1752 2470 terrorum
1768 2455 1783 2480 ‚
1810 2416 1904 2487 qui
1919 2434 1946 2467 a
1965 2413 2229 2468 Rhodano
2249 2413 2314 2466 ad
2337 2412 2512 2467 Gades

1486 2494 1742 2562 pertinet,
1785 2506 1915 2548 teste
1955 2493 2168 2566 quidem
2209 2493 2468 2546 Strabone
2490 2526 2508 2554 ,

1493 2571 1586 2623 lib.
1613 2571 1726 2636 111,
1751 2590 1866 2642 pag.
1901 2569 2027 2626 166.
2049 2574 2232 2626 Hum.

1578 2650 1664 2702 13.
1695 2651 1744 2702 Ε
1747 2663 1770 2700 t
1794 2651 2098 2721 Apollonius.
2124 2650 2276 2703 Idem
2303 2651 2395 2722 qui
2424 2669 2512 2704 su-

1493 2747 1587 2798 pra
1639 2727 1884 2782 Rhodius
1929 2731 2252 2800 appellatus,
2311 2731 2510 2800 Argon.

1492 2808 1586 2860 lib.
1609 2807 1712 2873 IV,
1738 2826 1874 2861 vere.
1902 2811 2036 2878 627.
2069 2809 2250 2860 Ham).

1581 2893 1663 2951 14.
1687 2887 1974 2940 Faciliorem
2007 2891 2198 2938 veniam
2221 2887 2373 2952 fhce‘t.
2399 2887 2510 2938 Ve-

1491 2967 1580 3019 nia
1640 2965 1783 3037 digni
1803 3007 1818 3032 ‚
1876 2965 2024 3038 quod
2077 2964 2272 3018 succini
2331 2977 2510 3018 ortum

1488 3045 1817 3116 ignorarint,
1867 3046 1965 3117 qni
2010 3045 2092 3099 vel
2145 3044 2294 3097 orbis
2341 3045 2506 3098 situm

1488 3125 1664 3196 ipsum
1695 3126 2015 3178 nescierunt.
2049 3124 2234 3178 HAan.
2267 3156 2344 3167 -
2383 3125 2510 3194 Qua

1493 3204 1645 3258 Canis
1693 3215 1804 3256 ortu
1841 3205 1929 3256 hoc
1970 3205 2272 3273 effunderent
2306 3209 2504 3274 gummi.

1491 3284 1578 3336 Sic
1614 3302 1827 3356 quoque
1867 3285 2036 3339 Gron.
2075 3297 2128 3338 et
2165 3285 2288 3337 libri
2325 3301 2514 3336 omne·

1487 3375 1612 3416 ante
1652 3360 1816 3416 Hard.
1861 3363 2009 3417 editi.
2050 3365 2320 3417 Broterius
2352 3381 2511 3425 vero,

1486 3443 1611 3495 Ιιαησ
1633 3443 1938 3510 effunderent
1951 3449 2197 3514 gummim.
2221 3443 2329 3495 En.
2546 3485 2550 3492 .

1575 3540 1597 3574 1
1612 3523 1662 3577 5.
1689 3524 2068 3593 Theophrastus
2049 3543 2099 3576 m
2121 3523 2322 3592 Liguria
2342 3517 2513 3587 effodi.

1487 3602 1920 3672 Theophrastus,
1971 3605 2110 3656 libro
2172 3606 2284 3672 πιρί
2333 3599 2518 3663 λίθων,·

1488 3700 1636 3733 num.
1673 3683 1776 3747 53,
1804 3702 1927 3754 pag.
1957 3685 2050 3733 6:
2101 3669 2316 3732 &mm
2339 3697 2425 3730 και
2457 3680 2514 3730 τὸ
2611 3675 2639 3693 ”’

1486 3761 1716 3832 ἤλεκτρον
1761 3762 1920 3826 λίθος,
1961 3761 2048 3814 καὶ
2090 3759 2184 3828 γὰρ
2230 3759 2422 3828 ὀρυκτὸν
2457 3759 2515 3810 τὸ

1488 3838 1600 3910 περὶ
1657 3841 1932 3912 Δυγγιστην
1939 3879 1952 3892 .
2018 3854 2040 3885 a
2075 3838 2272 3890 Electri
2319 3855 2516 3907 nempe

1491 3931 1676 3972 natura
1693 3934 1770 3973 est
1791 3918 2014 3991 lapidea,
2037 3935 2204 3989 quum
2225 3915 2282 3968 in
2301 3915 2518 3986 Liguria

1493 3997 1800 4062 effodiatur,
1821 4011 1920 4052 etc.
1949 4023 1972 4044 ι
2001 3997 2186 4050 Rutu.
