2975 4684
418 271 556 342 360

954 275 1029 341 C.
1085 273 1419 341 PLINH
1470 272 1680 340 NAT.
1735 273 1985 340 HIST.

414 407 698 476 Romae
682 431 751 474 m
788 403 1035 499 templo
1064 409 1267 474 Pacis.
1306 409 1447 474 Nec
1486 405 1608 476 fuit
1647 404 1858 474 alius
1842 431 1906 472 in
1939 427 2017 472 ea
2047 418 2190 473 arte
2217 404 2530 477 velocior.

310 531 377 594 45
411 511 712 580 Tradunt
744 533 1028 604 namque
1069 511 1457 580 conduxisse
1493 510 1896 606 pingendum
1927 510 2011 578 ab
2033 509 2406 580 Aristrato¹²
2433 515 2530 582 Si·

416 619 807 711 cyoniorum
850 631 1154 710 tyranno,
1174 617 1412 710 quod
1397 642 1449 685 is
1495 617 1773 686 faciebat
1797 615 2033 684 Telesti
2063 603 2339 710 poetae²³
2345 671 2364 702 ‚
2389 643 2531 686 mo-

417 735 842 806 numentum,
890 721 1213 815 praefinito
1258 721 1401 808 die,
1438 725 1610 790 intra
1654 747 1850 815 quem
1897 737 2364 815 perageretur·
2409 747 2535 792 nec

419 826 632 896 multo
659 841 811 896 ante
833 829 1087 896 venisse
1104 880 1121 913 ,
1154 841 1435 920 tyranno
1458 829 1524 894 in
1547 853 1806 921 poenam
1825 851 2142 896 accenso:
2180 829 2536 922 paucisque

415 932 645 1002 diebus
665 931 1049 1014 absolvisse,
1074 932 1407 1014 celeritate
1426 947 1494 1001 et
1519 947 1658 1000 arte
1689 936 1872 1000 mira.
1907 932 2284 1027 Discipulos
2303 933 2534 1003 habuit

418 1037 769 1108 Aristidem
814 1039 1126 1123 fratrem,
1168 1053 1244 1107 et
1284 1037 1664 1107 Aristoclem
1707 1037 1951 1126 filium,
1996 1052 2061 1106 et
2100 1037 2536 1108 Philoxenum

420 1145 786 1228 Eretrium‚
817 1145 1003 1237 cujus
1033 1143 1256 1212 tabula
1284 1143 1477 1212 nullis
1507 1144 1964 1238 postferenda,
1995 1142 2371 1212 Cassandro
2399 1147 2534 1238 regi

414 1237 656 1344 picta¹⁴
661 1303 679 1334 ‚
731 1251 1053 1319 continuit
1093 1248 1444 1318 Alexandri
1502 1249 1796 1344 praelium
1855 1274 2006 1317 cum
2059 1251 2284 1317 Dario.
2325 1249 2534 1378 eldem

416 1357 626 1450 pinxit
666 1341 1059 1424 lasciviam⁵
1064 1409 1083 1442 ‚
1133 1357 1201 1424 in
1240 1381 1372 1450 qua
1405 1370 1539 1424 tres
1586 1354 1785 1424 Sileni
1836 1339 2351 1424 comessantur¹⁶

2356 1357 2536 1424 ‚Hic

420 1460 816 1530 celeritatem
878 1463 1297 1555 praeceptoris
1360 1474 1728 1554 sequutus,
1784 1461 2120 1529 breviores
2178 1462 2538 1528 etiamnum

417 1568 731 1661 quasdam
771 1569 1045 1662 picturae
1077 1569 1212 1636 vias
1247 1580 1313 1635 et
1354 1565 1876 1661 compendiarias
1917 1567 2164 1634 invenit
2182 1564 2249 1632 ¹⁷.

421 1769 585 1839 surgit
600 1770 656 1821 in
674 1769 799 1830 iras,
828 1769 941 1822 Ceu
964 1769 1101 1821 foret
1119 1769 1174 1820 in
1202 1769 1439 1822 maribus

418 1851 526 1920 jam
553 1847 817 1916 crepiturn
839 1849 977 1899 ratis.
997 1873 1018 1893 ι-
1057 1849 1186 1917 Ejus
1214 1848 1439 1900 formam

424 1926 575 1978 aliter
588 1927 854 1977 Homerus
877 1923 1145 1991 describit,
1160 1925 1351 1998 Odyss.
1366 1933 1441 1990 M,

425 2003 687 2074 capitibus
705 2023 791 2056 sex
808 2043 823 2068 ,
844 2005 1065 2056 bissenis
1084 2003 1329 2074 pedibus,
1350 2005 1442 2058 tri-

427 2082 553 2155 plici
574 2080 812 2135 dentium
844 2081 1035 2134 ordine
1058 2101 1071 2134 ε
1094 2083 1249 2136 aliter
1275 2084 1444 2148 Maro,

428 2165 549 2215 AEn.
578 2162 693 2214 111:
726 2187 748 2208 ι
772 2167 838 2213 At
869 2161 1099 2230 Scyllam
1130 2162 1279 2216 coecis
1302 2162 1445 2214 cohi-

428 2241 521 2293 bet
546 2242 655 2310 spel
664 2259 796 2294 unca
818 2241 1030 2292 latebris
1050 2241 1158 2293 Ora
1184 2253 1445 2294 exsertan-

430 2331 537 2372 tem
556 2357 571 2380 ,
614 2333 667 2372 et
704 2339 861 2372 naves
906 2319 961 2371 in
988 2339 1107 2373 saxa
1134 2321 1442 2373 trahentem.

432 2397 607 2450 Prima
648 2399 882 2451 hominis
927 2399 1110 2464 facies,
1140 2413 1191 2452 et
1222 2400 1445 2471 pulchro

432 2487 647 2547 pectore
667 2477 840 2547 virgo,
866 2478 1015 2532 Pube
1038 2493 1219 2532 tenus:
1240 2491 1445 2549 postre-

434 2573 522 2608 ma
549 2555 765 2610 immani
792 2576 1015 2628 corpore
1056 2559 1240 2628 pistrix
1260 2597 1275 2622 ,
1316 2559 1445 2613 Del-

433 2635 654 2706 phinum
683 2635 873 2690 caudas
895 2648 1049 2690 utero
1076 2639 1352 2692 commissa
1367 2638 1447 2691 lu·

434 2731 645 2784 porum.
668 2740 689 2761 ι.
728 2715 908 2776 Hum.

521 2815 539 2844 ι
557 2812 606 2845 ².
639 2792 723 2845 Ab
772 2796 1037 2847 Aristrato.
1071 2795 1356 2850 Aristratus
1402 2797 1446 2850 is

432 2869 597 2942 viguit
618 2890 730 2925 aevo
748 2873 999 2966 Philippi.
1013 2874 1302 2928 pinxerunt
1322 2894 1446 2928 eum

433 2949 706 3005 Melanthii
732 2953 949 3022 pictoris
969 2952 1242 3039 discipuli,
1256 2955 1445 3008 trium·

432 3029 577 3102 phali
604 3031 782 3082 currui
800 3023 1117 3086 insidentem
1132 3051 1255 3086 cum
1279 3035 1444 3086 victo·

433 3109 545 3174 ria,
574 3127 755 3180 magna
805 3114 921 3181 ejus
964 3111 1154 3166 tabulae
1180 3113 1443 3180 claritate,

432 3189 521 3240 cni
561 3201 615 3240 et
653 3207 866 3242 manum
910 3192 1208 3262 apposuisse
1248 3191 1447 3246 dicitur

431 3267 659 3338 Apelles.
690 3267 999 3322 Plutarchus
1026 3269 1079 3322 in
1106 3272 1281 3324 Arato.
1307 3270 1443 3325 Du..

520 3365 541 3399 1
558 3347 611 3401 3.
644 3346 821 3397 Teleste·
857 3361 1031 3417 poetoe.
1072 3349 1197 3400 Fuit
1240 3350 1284 3401 is
1314 3351 1445 3404 Seli·

431 3427 678 3490 nuntius,
706 3438 762 3478 ut
784 3425 1004 3495 opinor,
1029 3444 1059 3478 e
1082 3427 1257 3480 Sicilia
1282 3447 1295 3479 ε
1322 3449 1446 3500 poe-

430 3518 571 3560 mata
594 3507 704 3577 ejus
719 3544 733 3569 ,
755 3524 846 3559 seu
868 3505 1068 3557 fabulas
1091 3504 1265 3558 laudat
1289 3509 1447 3560 Athe·

434 3603 604 3650 nous,
636 3585 733 3637 lib.
776 3585 938 3648 XVI,
968 3603 1087 3655 pag.
1132 3588 1243 3638 616
1285 3605 1362 3655 sq.
1392 3599 1445 3638 et

434 3665 565 3736 637.
596 3663 775 3717 llum.

516 3751 604 3807 14.
639 3742 913 3797 Cas-tandm
938 3747 1041 3812 regi
1069 3745 1225 3812 picea.
1266 3744 1443 3797 Mece-

432 3819 604 3876 doniae
629 3823 763 3893 regi.
792 3823 971 3876 Han.

518 3917 537 3950 1
554 3899 603 3952 5.
657 3903 935 3956 lasciviam.
988 3901 1086 3958 Τὴν
1149 3903 1403 3970 ἀσέλγειαν
1420 3941 1436 3966 ,

1523 1772 1750 1840 λαγνείαν
1776 1808 1792 1833 ,
1817 1771 2048 1839 jocosam
2086 1767 2546 1839 ludibundamque

1527 1848 1867 1918 petulantiam
1881 1888 1898 1914 ,
1921 1854 2104 1918 κῶμον.
2127 1850 2330 1901 Dum.
2347 1880 2424 1890 —-
2443 1848 2541 1898 La-

1525 1929 1733 1980 sciuium.
1777 1927 2026 1980 Lasciviae
2053 1945 2112 1980 ac
2140 1927 2380 1982 mollitiei
2404 1927 2538 1979 ima-

1525 2007 1720 2077 ginem.
1743 2005 1920 2059 lium.

1582 2083 1590 2091 “
1615 2105 1633 2138 1
1649 2089 1700 2139 6.-
1731 2087 1790 2138 In
1803 2105 1900 2157 qua
1921 2099 2014 2138 tres
2027 2081 2182 2136 Sa'lem'
2203 2095 2535 2136 comessamur.

1528 2163 1616 2216 Sic.
1645 2164 1768 2217 libri
1795 2184 1996 2218 omnes.
2033 2163 2194 2218 Sileni
2220 2163 2408 2216 Bacchi
2437 2163 2538 2214 mi-

1527 2244 1681 2296 nistri
1703 2243 1956 2298 dicuntur
1972 2283 1988 2310 ,
2003 2241 2240 2307 Σιιληνοὶ,
2257 2255 2383 2296 teste
2406 2243 2542 2296 Stro-

1528 2324 1668 2375 hone
1683 2362 1700 2387 ‚
1721 2324 1803 2387 X,
1827 2342 1946 2395 pag.
1968 2326 2102 2382 468.
2119 2322 2326 2374 Nomen
2346 2321 2541 2374 habere

1529 2419 1560 2454 a
1589 2403 1766 2456 Sileno
1805 2403 2090 2474 Nysiorum
2121 2420 2276 2472 rege,
2301 2401 2393 2471 qui
2423 2399 2542 2452 sub·

1529 2479 1720 2534 sidium
1739 2483 1942 2534 Baccho
1959 2481 2162 2542 tulerit,
2182 2492 2365 2532 auctor
2377 2477 2539 2532 Diod.

1531 2559 1690 2612 Sicul.
1719 2561 1774 2614 in
1800 2562 1937 2614 Bibl.
1967 2559 2059 2612 lib.
2081 2558 2180 2611 lv,
2201 2559 2340 2610 Hinc
2361 2557 2542 2610 Catul-

1530 2637 1639 2704 lus,
1683 2640 1882 2703 LXIV,
1929 2638 2037 2693 253
2072 2655 2087 2689 :
2139 2663 2162 2685 ι
2191 2637 2327 2689 Cum
2370 2636 2540 2690 thiaso

1531 2719 1844 2786 Satyrorum
1860 2759 1875 2782 ,
1903 2731 1956 2772 et
1983 2716 2258 2787 Nysigenis
2289 2715 2494 2768 Silenis.
2513 2741 2536 2762 ι

1529 2797 1774 2866 Propert.
1807 2797 1862 2850 11
1883 2835 1898 2862 ,
1926 2798 2058 2868 eleg.
2083 2797 2150 2850 32
2178 2815 2190 2847 :
2231 2818 2252 2840 ι
2273 2793 2544 2866 Silenique

1531 2895 1678 2928 senes
1703 2890 1754 2930 et
1778 2890 1928 2947 pater
1947 2877 2059 2948 ipse
2079 2875 2243 2928 chori.
2271 2899 2293 2921 ι
2331 2873 2511 2927 sssum.

1617 2973 1703 3025 17.
1729 2956 1976 3025 Quasdam
1995 2961 2201 3026 pietur-a
2221 2957 2332 3006 ‘abias
2355 2965 2402 3005 et
2423 2972 2544 3004 com·

1524 3035 1804 3103 pendaurias
1846 3038 2038 3088 invenit.
2068 3034 2272 3087 Broter.
2297 3051 2368 3086 ex
2393 3032 2544 3085 MSS.

1530 3115 1692 3184 Regg.
1715 3125 1766 3164 et
1791 3109 2027 3167 editione
2057 3113 2324 3184 principe,
2345 3137 2368 3158 ι
2391 3130 2545 3181 quas-

1529 3190 1652 3245 dam
1689 3191 1906 3263 picturae
1943 3189 2364 3262 compendiarias
2403 3191 2545 3242 inve-

1529 3271 1668 3323 nit.»
1692 3270 2098 3342 compendiaria
2127 3269 2268 3322 enim
2297 3268 2438 3340 apud
2458 3287 2544 3321 an-

1531 3349 1704 3421 tiquos
1735 3350 2050 3404 substantive
2079 3349 2452 3418 usurpabatur,
2487 3358 2546 3400 ut

1529 3427 1709 3484 videre
1743 3443 1820 3482 est
1854 3426 1996 3500 apud
2024 3428 2356 3490 Varronem,
2383 3426 2542 3480 Sene-

1529 3525 1673 3570 cam,
1704 3509 1867 3579 Epist.
1893 3508 2136 3572 xxvn,
2163 3519 2216 3560 et
2241 3505 2547 3560 Petronium

1529 3587 1584 3638 in
1615 3587 1838 3658 Satyric.
1863 3585 2289 3659 compendiaria
2334 3585 2434 3636 511ae
2463 3583 2545 3636 vi-

1528 3662 1726 3718 dentur
1755 3685 1889 3731 esse,
1909 3668 1974 3719 les
2002 3677 2276 3736 grotesques
2291 3702 2308 3729 ,
2331 3680 2448 3733 quae
2471 3663 2544 3714 ita

1526 3745 1680 3797 nobis
1697 3746 2030 3816 appellantur
2046 3743 2193 3817 qnod
2207 3743 2262 3796 in
2288 3742 2544 3803 cavernis,

1525 3835 1724 3892 grotta,
1736 3837 1960 3896 reperta
1981 3825 2114 3889 sint,
2130 3836 2261 3877 teste
2275 3820 2541 3892 Rsphsele

1529 3903 1832 3973 Borghinio.
1854 3903 2051 3957 Earum
2071 3921 2224 3955 usum
2243 3900 2448 3972 egregie
2467 3917 2548 3956 rev
