2975 4684
1106 394 1411 483 LIBER
1458 358 1812 483 x'xxvi.
1897 494 1902 501 ‚

2373 412 2506 497 481

384 547 549 621 didit
576 546 941 617 mirabilem
978 572 1171 616 usum
1190 542 1327 614 'ad
1360 543 1946 639 deprehendendas
1983 529 2180 615 solis³
2217 546 2519 631 umbras,

386 655 777 749 dierumque
798 678 876 723 ac
904 655 1201 721 noctium
1235 653 1327 721 ita
1362 651 1890 788 magnitudines,
1934 666 2140 720 strato
2181 650 2396 782 lapide
2437 652 2520 723 ad

386 761 909 856 magnitudinem
934 756 1231 843 obelisci,
1257 758 1360 827 cui
1387 782 1510 851 par
1533 746 1758 827 fieret⁴
1786 756 2045 844 umbra,
2064 744 2347 829 brumae
2377 783 2526 829 con·

389 866 579 936 fectae
633 862 773 951 die,
828 881 1009 935 sexta
1056 849 1295 933 hora⁶‘

1280 862 1796 959 ‚paulatimque
1835 888 1954 957 per
1993 862 2293 992 regulas⁷
2336 854 2526 959 (quae

384 988 543 1042 sunt
560 996 641 1041 ex
672 996 801 1041 aere
824 966 1135 1059 inclusae)
1162 968 1465 1065 singulis
1452 968 1682 1039 diebus
1703 956 2174 1057 decresceret,
2198 994 2275 1038 ac
2299 996 2526 1041 rursus

392 1188 529 1241 Dell’
572 1188 780 1241 obelisco
824 1188 879 1241 da·
928 1188 1102 1241 Cesar-e
1147 1186 1203 1240 A
1207 1197 1381 1257 agusto
1397 1223 1412 1243 ,

387 1270 555 1321 Roma
574 1306 591 1333 ,
631 1268 809 1338 1750,
840 1267 1009 1319 in·fol.
1032 1266 1199 1337 Operi
1226 1264 1417 1318 additae

384 1360 513 1400 sunt
542 1346 762 1400 erudita
792 1346 981 1399 litterae
1008 1347 1113 1399 Cll.
1141 1344 1341 1398 Stuart.
1366 1356 1418 1396 et

384 1426 695 1481 Boscovich.
741 1426 962 1481 Fractus
1012 1424 1102 1478 ille
1155 1423 1417 1475 obeliscus

386 1505 561 1560 adbuc
614 1506 775 1575 jacet,
834 1503 976 1555 mole
1031 1515 1084 1557 et
1136 1500 1418 1572 sculpturis

387 1581 814 1655 conspiciendus.
841 1582 1021 1648 Quum
1055 1600 1178 1634 eum
1210 1580 1418 1645 erexit,

388 1662 664 1735 stylobatas
733 1660 1001 1731 inscripsit
1068 1659 1343 1731 Augustus
1398 1681 1411 1712 z

395 1768 418 1790 ι
452 1744 581 1795 111».
632 1758 831 1793 casui
879 1757 1003 1793 mvr
1048 1758 1098 1793 r.
1154 1756 1419 1792 svcvsrvs

386 1838 658 1874 rona-1181
682 1837 933 1873 nutans
956 1836 1081 1872 nn».
1112 1836 1194 1871 κη
1218 1836 1386 1872 cos.x

387 1918 542 1953 rum.
584 1918 704 1952 ror.
746 1918 841 1951 xxv
872 1915 1124 1951 anenno
1154 1916 1215 1949 nt
1250 1914 1416 1949 romn-

386 1996 596 2033 sruum
640 1994 839 2031 ποῖαι
890 1994 1113 2030 nonam
1168 1993 1416 2029 nnnsc‘rs

388 2078 507 2113 som
527 2076 728 2111 nom-n
752 2076 946 2109 nxm‘r.
976 2081 999 2102 a
1029 2056 1198 2110 Bnor.

472 2138 529 2191 ¹2.
568 2136 841 2189 Mirantem
880 2154 1029 2189 usum·
1082 2135 1317 2205 Nempe,
1360 2147 1420 2186 ut

387 2230 521 2273 esset
552 2217 612 2269 in
649 2215 929 2288 horologio
968 2214 1127 2267 solari
1159 2232 1263 2285 pro
1284 2232 1418 2285 gno·

388 2314 565 2350 mone.
600 2296 665 2347 In
694 2294 882 2348 Indice
906 2294 1067 2365 hujus
1098 2292 1201 2345 loci
1240 2313 1252 2343 ι
1290 2314 1313 2336 ι
1337 2294 1419 2345 De

390 2394 455 2429 eo
498 2373 755 2438 obelisco,
796 2374 890 2446 qui
930 2391 1033 2443 pro
1063 2388 1334 2443 gnomone
1360 2371 1417 2423 in

389 2473 583 2525 campo
607 2452 819 2505 Martio.
842 2476 865 2499 ι
891 2451 1077 2504 Ilum.

474 2536 525 2588 3.
548 2534 641 2586 Ad
649 2531 1063 2603 deprehendendas
1075 2530 1190 2583 solis
1208 2530 1418 2583 etmbms.

389 2613 473 2666 Ita
504 2613 630 2668 libri
670 2630 884 2680 omnes,
921 2610 1273 2683 nequicquam
1299 2609 1412 2662 haec

390 2705 626 2746 mutante
664 2692 932 2763 scaligero
981 2689 1049 2743 sd
1094 2688 1415 2752 Manilium,

392 2789 513 2841 pag.
552 2772 681 2824 250.
711 2771 945 2823 Stratum
980 2767 1115 2822 illud
1138 2766 1413 2837 lapideum

392 2868 493 2920 pro
513 2850 675 2920 plano
695 2849 794 2901 fuit
808 2887 823 2911 ,
846 2849 901 2898 in
922 2865 1029 2918 quo
1050 2845 1414 2899 describeren-

394 2938 482 2981 tur
503 2928 650 2980 horn
678 2942 691 2979 :
722 2926 981 2979 obeliscus
1002 2943 1102 2995 pro
1128 2940 1415 2995 gnomone.

393 3008 464 3060 H.
488 3039 567 3049 -—
594 3006 690 3059 Ad
717 3003 1128 3075 deprehendendas
1160 3002 1276 3054 solis
1311 3022 1415 3055 um-

392 3088 520 3139 bras.
566 3088 805 3156 Augusto
848 3084 1163 3155 imperiique
1205 3084 1417 3136 romani

392 3168 658 3237 majestate
688 3163 881 3235 dignus
906 3162 1008 3216 fuit
1037 3163 1126 3217 ille
1152 3181 1413 3233 gnomon,

394 3246 696 3298 me're'dt'emee.
727 3245 896 3297 Bnorr.

474 3332 525 3389 4.
560 3325 659 3379 Cui
669 3321 923 3397 pai-fient
942 3320 1125 3375 umbra.
1154 3320 1275 3374 Non
1303 3322 1418 3393 qui·

393 3402 517 3457 dem
547 3423 645 3475 par
670 3402 737 3456 ad
772 3402 989 3455 obelisci
1020 3400 1417 3472 proceritatem,

394 3482 670 3555 quomodo
684 3484 739 3535 in
749 3483 1078 3535 Venetorum
1097 3493 1283 3541 tractu,
1306 3482 1418 3534 sive

394 3562 633 3627 climate,
681 3561 988 3634 aequinoctii
1036 3560 1124 3613 die
1162 3560 1416 3629 gnomoni

394 3660 492 3711 par
510 3642 696 3694 umbra
718 3654 817 3702 est,
840 3639 930 3693 sed
954 3652 1209 3711 quatenus
1230 3640 1419 3693 umbra

396 3731 451 3772 et
471 3738 704 3791 gnomon
725 3718 1049 3791 respondent
1072 3715 1139 3771 ad
1156 3719 1416 3771 rationem

394 3799 509 3868 ejus
526 3812 740 3852 tractus.
766 3801 900 3852 Du..
917 3830 995 3842 —-
1012 3798 1206 3851 Umbra.
1233 3798 1417 3862 Quan-

398 3888 501 3929 tam
530 3878 774 3931 umbram
803 3877 1023 3932 faciebat
1047 3878 1306 3931 obeliscus
1328 3876 1417 3931 <lie

398 3954 598 4009 brumae
620 3958 674 4010 in
699 3957 951 4023 meridie,
978 3969 1183 4011 tantum
1207 3970 1319 4009 erat
1341 3959 1415 4012 la·

397 4031 619 4107 pideum
658 4035 791 4089 illud
822 4050 1075 4103 stratum,
1116 4028 1291 4090 media
1334 4039 1415 4091 sui

544 4134 673 4201 IX.

1500 1198 1683 1257 parte,
1717 1204 1838 1257 qun
1870 1185 2056 1237 horam
2097 1184 2240 1238 illam
2269 1187 2526 1257 signabat.

1500 1267 1570 1319 H.
1592 1298 1672 1309 —
1693 1264 1791 1319 Cae·
1804 1284 1923 1335 par,
1948 1278 2043 1317 etc.
2082 1264 2206 1331 Cui,
2231 1278 2288 1317 ut
2319 1266 2530 1320 erudite

1502 1344 1806 1397 observavit
1857 1342 2248 1410 Boscovichus,
2295 1363 2405 1396 non
2427 1344 2532 1398 ‘ad

1501 1424 1795 1477 obeliscum
1825 1423 2070 1481 refertur,
2095 1422 2188 1477 sed
2215 1422 2282 1476 ad
2308 1436 2530 1477 stratum

1507 1501 1802 1573 lapideum.
1833 1502 1935 1554 Die
1956 1502 2096 1555 enim
2122 1503 2326 1555 bruma
2341 1504 2532 1557 umbra

1501 1581 1586 1634 bis
1609 1593 1663 1634 et
1683 1582 1868 1653 quinta
1892 1581 2110 1653 insuper
2139 1595 2319 1653 parte,
2351 1600 2378 1633 a
2413 1575 2529 1648 1l5,

1501 1660 1712 1752 longior
1761 1671 1872 1713 erat
1915 1680 2071 1731 quam
2121 1662 2398 1715 obeliscus.
2448 1662 2530 1715 Ex

1501 1740 1642 1793 notis
1666 1740 1814 1794 Brot.
1838 1738 1906 1793 ad
1929 1741 2074 1794 hunc
2101 1740 2202 1794 loc.
2227 1741 2330 1793 En.

1586 1820 1638 1873 5.
1664 1820 1883 1871 Brumoe.
1909 1819 1988 1872 Ita
2013 1823 2143 1891 Reg.
2172 1840 2199 1872 a
2223 1820 2421 1891 aliique
2441 1839 2532 1873 co-

1503 1896 1645 1951 dices
1665 1911 1718 1952 et
1741 1900 1854 1969 ipse
1887 1898 2114 1971 Scaliger
2141 1901 2242 1953 loc.
2269 1900 2358 1953 cit.
2387 1917 2526 1961 non,

1503 1990 1564 2029 ut
1599 1976 1854 2031 hactenus
1895 1976 2060 2043 editi,
2105 1979 2272 2033 Roma
2314 1980 2531 2045 conficto

1502 2056 1611 2121 die,
1634 2054 1782 2127 quod
1812 2056 2094 2110 insulsum.
2120 2058 2331 2110 Bruma
2353 2058 2533 2111 confe-

1502 2146 1617 2189 ctus
1641 2134 1754 2189 dies
1787 2136 2082 2207 'appellatur
2109 2136 2181 2202 is,
2209 2155 2316 2208 quo
2341 2136 2530 2189 bruma

1502 2214 1870 2269 committitur.
1911 2214 1999 2269 Sic
2030 2216 2198 2281 XVI,
2240 2216 2347 2280 36,
2397 2217 2532 2269 se'dm

1501 2296 1767 2361 confi-ctum
1821 2294 2025 2348 Plinius
2049 2332 2066 2359 ,
2144 2314 2245 2366 pro
2313 2308 2528 2367 peracto

1500 2372 1729 2428 solstitio
1761 2372 1922 2438 dixit,
1961 2373 2107 2445 quod
2134 2386 2187 2427 et
2219 2373 2346 2427 alibi
2373 2375 2442 2427 ab
2465 2392 2530 2428 eo

1503 2458 1843 2522 usurpatum,
1867 2472 1930 2505 ex
1953 2452 2136 2507 Indice
2162 2454 2437 2526 intelliges.
2460 2454 2528 2507 H.

1503 2560 1584 2569 —
1605 2530 1802 2582 Brumae
1826 2533 2056 2599 conficta
2077 2534 2172 2585 die.
2197 2534 2297 2587 Die
2322 2534 2530 2587 solstitii

1501 2606 1775 2673 hiemali35
1803 2622 1930 2662 tuuc
1959 2612 2102 2663 enim
2127 2614 2315 2665 umbra
2345 2625 2424 2666 est
2444 2627 2526 2667 to-

1501 2687 1608 2739 tius
1653 2688 1777 2739 anni
1825 2688 2145 2759 longissima.
2214 2692 2415 2746 Mirum
2469 2706 2528 2746 ut

1499 2766 1775 2820 Gar-mnu
1793 2766 1918 2821 ficto
1941 2768 2148 2823 Ernesti
2171 2768 2404 2823 Freeman
2430 2792 2530 2825 no-

1498 2843 1670 2905 mine.
1712 2847 1891 2900 locum
1942 2847 2087 2900 hunc
2139 2847 2298 2902 Plinii
2347 2851 2529 2905 obruit

1499 2924 1746 2978 inanibus
1765 2926 2082 2997 conjecturis
2097 2927 2343 2999 falsisque
2364 2930 2525 3000 expli·

1500 3005 1828 3068 ustionibus,
1857 3024 1986 3077 quas
2005 3006 2315 3061 Boscovich.
2351 3008 2528 3063 italica

1498 3082 1566 3137 ad
1595 3084 1818 3137 Bandin.
1844 3086 2064 3166 epistola
2093 3087 2399 3143 confutavit.
2421 3090 2522 3142 Ba.

1583 3166 1638 3217 6.
1666 3164 1816 3217 Saea
1841 3155 1976 3218 hom.
1994 3166 2170 3232 Quam
2197 3186 2296 3220 nos
2322 3167 2526 3225 duode-

1501 3243 1728 3309 cimam,
1750 3261 1842 3297 seu
1870 3244 2146 3299 meridiem
2179 3248 2522 3321 appellamus.

1502 3322 1681 3376 Ham).

1586 3422 1641 3471 7.
1669 3401 1770 3455 Per
1791 3404 1979 3474 regulas
1995 3401 2238 3459 Lineolas
2256 3424 2429 3461 ereas.
2451 3402 2520 3455 Η.

1583 3482 1639 3535 8.
1666 3482 1980 3537 Decresceret.
2009 3488 2054 3537 A
2073 3486 2260 3539 bruma
2279 3483 2344 3540 ad
2357 3482 2525 3535 solsti-

1503 3560 1637 3613 tium
1674 3580 1686 3614 :
1728 3562 2058 3635 vicissimque
2111 3585 2140 3617 a
2183 3562 2409 3617 solstitio
2452 3558 2522 3613 ad

1500 3641 1742 3694 brumam
1779 3656 2094 3715 augesceret.
2124 3643 2248 3695 Fuit
2275 3642 2391 3693 haec
2424 3638 2523 3709 igi·
2597 3686 2603 3697 .

1505 3732 1589 3773 tur
1615 3720 1784 3773 forma
1805 3721 2070 3791 horologii
2099 3739 2112 3773 :
2143 3721 2200 3772 in
2224 3716 2522 3790 praegraudi

1501 3798 1678 3873 lapide
1700 3802 1889 3871 plano,
1919 3801 2010 3871 qui
2045 3799 2100 3850 in
2127 3798 2270 3850 mille
2297 3797 2525 3867 amplius

1502 3879 1800 3951 palmorum
1849 3880 2070 3951 spatium
2127 3876 2525 3942 extendebatur,

1502 3959 1753 4032 descripti
1799 3978 1949 4012 arcus
1989 3956 2138 4010 curvi
2173 3958 2239 4009 ab
2287 3969 2411 4010 ortu
2457 3954 2524 4009 sd

1502 4055 1746 4091 occasum
1763 4078 1778 4103 ,
1801 4036 2118 4089 exhibebant
2137 4036 2521 4109 magnitudines

2145 4136 2224 4203 31
