2975 4684
474 375 604 448 ηδ

1010 381 1086 448 C.
1142 381 1465 452 PL1N11
1516 383 1725 454 NAT.
1773 383 2016 450 HIST.

408 554 413 562 -
469 537 712 610 magna
754 512 947 582 fama.
992 513 1150 588 Post
1188 519 1313 586 hos
1348 515 1715 585 celebratus
1741 529 1842 584 est
1871 499 2197 584 Calamis⁵
2229 529 2296 586 et
2328 518 2594 612 Antipa-

470 634 571 688 ter
601 645 615 686 ε
658 620 899 713 quique
934 619 1245 712 Satyrum
1292 624 1361 690 in
1399 619 1620 716 phiala
1659 635 2008 714 gravatum
2049 645 2283 690 somno
2320 620 2593 694 colloca·

468 727 639 794 visse
676 724 923 808 verius,
972 747 1168 816 quam
1216 726 1476 797 caelasse
1511 727 1725 796 dictus
1761 741 1892 814 est,
1935 727 2370 798 Stratonicus.
2430 731 2594 798 Mox

468 830 829 922 Cyzicenus
858 816 1269 900 Tauriscus&
1301 835 1469 902 Item
1513 831 1779 902 Ariston
1815 847 1882 900 et
1916 834 2209 902 Eunicus
2237 831 2592 928 Mitylenaei

465 933 842 1020 laudantur,
880 949 951 1002 et
988 937 1382 1006 Hecataeus.
1418 952 1486 1006 et
1515 940 1690 1008 circa
1723 939 1956 1034 Magni
1998 941 2291 1068 Pompeii
2331 953 2591 1010 aetatem

462 1037 885 1126 Praxiteles⁷‚
915 1040 1302 1112 Posidonius
1329 1045 1699 1140 Ephesius,
1745 1029 2023 1114 Laedus⁸
2057 1047 2433 1132 Stratiates‚
2479 1047 2594 1142 qui

462 1143 688 1240 praelia
724 1161 1141 1241 armatosque
1177 1146 1480 1220 caelavit·
1523 1153 1860 1245 ZopyruS,
1882 1151 1994 1243 qui
2022 1153 2497 1246 AreopagitaS‚
2524 1165 2593 1222 et

456 1252 779 1347 judicium
816 1255 1103 1340 OrestiS‚
1146 1254 1215 1322 in
1252 1255 1513 1326 duobus
1557 1255 1821 1352 scyphis
1849 1258 2002 1325 H·S.
2047 1281 2153 1326 ιιι
2190 1257 2588 1328 aestimatis⁹.

396 1364 428 1417 3
463 1361 613 1430 Fuit
640 1358 791 1430 dein
812 1358 1123 1453 Pytheas,
1140 1360 1331 1454 cujus
1349 1363 1520 1434 binae
1543 1365 1752 1434 unciae
1775 1387 1842 1434 x.
1859 1361 2297 1434 vaenierunt¹⁰.
2321 1362 2590 1458 Ulysses

465 1587 675 1642 menno
695 1624 713 1651 ‚
736 1585 955 1639 Glorior
980 1597 1091 1640 arte
1120 1587 1285 1659 magis
1308 1608 1325 1643 ε
1350 1605 1475 1644 nam

462 1669 619 1740 Myos
646 1667 743 1719 iste
769 1665 939 1718 labor.
966 1691 989 1712 ι
1018 1667 1199 1720 Hno.

546 1747 599 1800 5.
632 1744 863 1798 Calamis.
886 1743 1137 1798 Dicemus
1156 1744 1223 1798 de
1248 1765 1313 1799 eo
1341 1747 1479 1801 infe-

459 1826 596 1890 rius,
622 1837 676 1878 et
688 1820 767 1876 -de
800 1824 1120 1879 Stratonice.
1146 1825 1327 1880 Esau.

542 1909 593 1958 6.
667 1903 791 1956 Mox
864 1903 1130 1976 Cyzicenus
1201 1905 1476 1959 Tauriscus.

460 1983 709 2038 Meminit
772 1982 931 2057 hujus
996 1984 1187 2038 iterum
1246 1983 1479 2050 Plinius,

461 2063 730 2127 XXXVI,
761 2069 792 2127 4
812 2101 827 2130 ,
862 2065 953 2117 ubi
986 2081 1013 2116 a
1041 2062 1311 2116 Tralliano
1338 2083 1478 2118 mar·

460 2161 670 2196 morum
698 2144 938 2198 calatore
962 2141 1231 2198 diversum
1257 2161 1367 2196 esse
1387 2141 1481 2196 ad-

458 2235 660 2277 monet.
681 2223 863 2276 Hum-

541 2321 596 2374 7.
646 2303 931 2358 Praxiteles.
978 2303 1324 2374 Argentarius
1340 2337 1357 2366 ‚
1410 2299 1478 2354 de

460 2401 570 2454 quo
601 2383 793 2436 Cicero
832 2381 901 2436 de
934 2383 1117 2436 Divin.
1154 2384 1181 2435 1
1204 2415 1220 2442 ‚
1258 2399 1313 2452 p.
1347 2383 1479 2450 189.

400 2513 407 2524 ,
459 2463 709 2516 Diversus
727 2481 756 2514 a
784 2463 1034 2517 statuario
1060 2463 1251 2525 altero,
1276 2459 1344 2514 de
1368 2479 1477 2531 quo

459 2541 718 2605 XXXIV,
770 2541 866 2613 qui
918 2541 1066 2596 CCC
1111 2543 1279 2596 ferme
1324 2542 1477 2595 annis

457 2621 601 2674 hunc
618 2619 910 2674 antecessit.
934 2623 1117 2676 Hsnn.

540 2701 593 2752 8.
606 2699 801 2753 Loedas.
817 2701 945 2772 Reg.
974 2721 1025 2764 α,
1044 2699 1474 2754 LedisTlis-acidss.

458 2779 547 2830 An
575 2779 938 2832 Leostraee‘dese‘
956 2779 1139 2836 Hian.

539 2877 593 2927 9.
637 2859 698 2910 In
734 2859 917 2912 duobus
958 2861 1149 2932 scyphis
1178 2859 1255 2912 H·
1259 2858 1314 2913 S.
1362 2858 1479 2910 XII

457 2941 722 2993 «estimatis.
769 2939 883 3010 Ego
924 2939 1248 3012 interpretor
1295 2951 1478 2993 sester-

457 3017 591 3070 tium
617 3016 922 3084 duodecies,
943 3017 999 3072 id
1018 3034 1092 3074 est
1109 3059 1123 3084 ,
1147 3038 1307 3074 censu
1326 3035 1477 3072 sena·

456 3097 615 3161 torio,
644 3099 718 3151 ait
746 3097 995 3152 Budaeus.
1024 3103 1090 3153 At
1122 3099 1473 3153 ciacconius:

454 3193 573 3247 quo
592 3189 730 3229 noto
755 3177 797 3230 si
822 3178 1068 3231 duodecies
1094 3181 1357 3234 sestertium
1384 3177 1476 3231 de·

454 3255 690 3326 signant,
744 3257 961 3329 triginta
989 3271 1281 3312 scutatorum
1308 3258 1477 3313 millia

454 3335 781 3392 conficiunt:
830 3338 876 3392 si
921 3357 1079 3405 vero,
1120 3339 1371 3410 quoniam
1406 3334 1477 3392 de
1535 3393 1538 3396 ,

456 3413 657 3469 Graecis
697 3415 773 3468 ibi
814 3435 987 3471 sermo
1028 3430 1133 3481 est,
1169 3417 1373 3479 AXH.
1416 3415 1475 3470 id

454 3506 563 3560 est,
596 3495 789 3548 talentis
809 3497 1055 3550 duodecim
1073 3509 1151 3550 est
1171 3493 1474 3568 legendum,

454 3579 631 3627 scutati
654 3587 768 3628 sunt
790 3595 847 3647 7,
854 3595 975 3629 noo.
1000 3576 1283 3630 Salmasius
1310 3575 1475 3629 corri-

454 3640 566 3730 git,
605 3656 905 3710 «sestertiis
930 3656 1201 3728 quinque,
1228 3656 1331 3708 hoc
1366 3667 1475 3720 est,

454 3736 662 3831 pondo·
666 3737 774 3792 xu
792 3735 1114 3789 aestimatis.»
1144 3733 1306 3800 Quod
1324 3734 1473 3806 equi-

454 3817 576 3872 dem
594 3819 759 3884 miror
772 3817 1129 3880 vehementer,
1143 3833 1309 3887 quum
1323 3832 1478 3885 pror·

454 3917 540 3951 sus
558 3899 841 3952 abhorreat
860 3915 893 3950 e
910 3892 1298 3949 consuetudine
1317 3892 1475 3946 latine

454 3976 807 4050 loquentium.
843 3974 1245 4048 simplicissime
1277 3972 1473 4026 intelli-

450 4055 622 4130 genda
645 4055 927 4112 duodecim
966 4054 1132 4110 millia
1158 4072 1439 4108 nummum
1456 4091 1474 4118 ‚

1570 1605 1664 1642 seu
1699 1587 1924 1642 trecenti
1960 1585 2215 1658 Philippi.
2253 1585 2376 1641 Hoc
2405 1599 2458 1642 et
2483 1605 2592 1642 ms·

1569 1668 1742 1726 terias,
1772 1682 1825 1722 et
1851 1685 2039 1722 manus
2069 1667 2330 1740 pretium;
2361 1665 2452 1720 sed
2479 1686 2587 1722 ms·

1573 1747 1718 1800 teriae
1751 1767 1861 1801 non
1903 1765 2150 1819 magnum
2183 1745 2396 1818 pondus
2433 1747 2592 1802 fuisse

1649 1827 1874 1958 seiz
2297 1826 2593 1976 Ἢ

1625 1934 1646 1948 ·
1691 1945 1706 1959 ο
1877 1945 1890 1958 u
2170 1944 2185 1956 ο
2281 1943 2300 1970 ,

1566 1981 1714 2039 editi.
1751 1983 2020 2038 Ciscconii
2063 1984 2390 2054 conjecturas
2438 1983 2592 2038 nullo

1566 2063 1832 2135 probabili
1884 2073 2193 2134 argumento
2239 2061 2420 2126 nixas,
2483 2062 2588 2116 hoc

1565 2143 1723 2208 loco,
1750 2139 1819 2196 ed
1842 2142 1941 2195 alia
1969 2157 2288 2218 properans,
2325 2159 2436 2193 non
2464 2159 2582 2194 mo-

1565 2240 1674 2275 ror.
1725 2223 1792 2276 H.
1841 2250 1923 2262 —-·
1961 2219 2102 2274 H-S.
2153 2219 2274 2272 XII
2313 2223 2588 2276 ‹estimatis-

1565 2299 1870 2356 Duodecim
1913 2299 2192 2364 sestertiis,
2236 2299 2434 2371 gallicse
2472 2318 2588 2354 mo·

1565 2392 1705 2434 neto
1733 2380 1884 2434 libris
1913 2379 2100 2443 2334.
2127 2377 2232 2432 En.

1653 2479 1732 2513 ιο.
1777 2459 1929 2530 Cujus
1957 2459 2084 2512 bina
2121 2461 2277 2510 ωτι-ἕω
2305 2458 2383 2512 Χ.
2407 2463 2586 2512 vanie-

1563 2551 1692 2592 που.
1718 2540 1800 2593 Ita
1821 2539 1972 2592 MSS.
1999 2557 2212 2603 omues,
2231 2556 2342 2592 uon
2370 2542 2584 2609 visited,

1563 2630 1625 2672 nt
1647 2617 1806 2682 editi,
1837 2619 1942 2672 hoc
1965 2629 2070 2676 est,
2093 2616 2278 2672 decem
2299 2619 2551 2673 sestertiis
2567 2657 2586 2686 ,

1564 2699 1650 2752 vel
1703 2697 1888 2752 decem
1941 2698 2240 2753 sestertium
2297 2697 2536 2752 millibus
2569 2719 2582 2750 ε

1565 2796 1687 2848 quo
1732 2779 1933 2849 gallico
1985 2789 2212 2832 moneto
2257 2777 2422 2832 libras
2465 2778 2588 2832 effi·

1563 2857 1716 2912 ciunt
1759 2858 1982 2912 omnino
2026 2857 2210 2912 mille:
2251 2859 2488 2927 majore,
2527 2871 2588 2912 ut

1563 2950 1812 3010 apparet,
1845 2937 2052 3008 pretio,
2100 2955 2263 3008 quam
2289 2937 2588 3009 superiores

1562 3017 1770 3090 scyphi.
1798 3019 1980 3072 Hsun.
2005 3047 2084 3060 -—·
2101 3017 2252 3086 Cujus
2279 3015 2406 3068 bina
2431 3019 2584 3068 uncia

1564 3097 1643 3152 X.
1665 3101 1953 3150 marries-une.
1977 3097 2126 3150 Brot.
2153 3113 2215 3148 ex
2243 3095 2393 3150 MSS.
2421 3097 2582 3164 Βοῦς.

1569 3195 1597 3229 2
1629 3190 1683 3230 et
1717 3178 1780 3242 3,
1819 3203 1841 3224 ι
1872 3178 2022 3246 cujus
2050 3175 2170 3228 duo
2201 3175 2402 3236 uncie,
2427 3184 2525 3226 etc.
2551 3197 2574 3220 ιι

1562 3256 1626 3308 In
1647 3256 1922 3309 MS.Voss.
1943 3267 1998 3306 et
2013 3252 2098 3308 ed.
2120 3253 2393 3324 principe,
2416 3276 2440 3297 ι
2462 3249 2583 3306 duo

1563 3333 1735 3388 uncia
1759 3353 1828 3386 xx
1847 3332 2142 3385 venierunt.
2165 3357 2188 3378 ι
2219 3330 2463 3385 Sestertio
2487 3329 2584 3384 de·

1563 3431 1678 3466 cem
1736 3424 1859 3466 sunt
1907 3411 2106 3484 gallico
2159 3425 2384 3464 moneto
2433 3411 2583 3464 libro

1571 3493 1740 3561 1945.
1765 3493 1909 3544 Duas
1939 3505 2115 3545 sutem
2147 3490 2327 3544 uncias
2348 3490 2584 3561 intellige

1561 3571 1716 3644 pedis
1743 3571 1954 3626 romani
1981 3570 2164 3626 uncias
2186 3568 2318 3625 duas
2335 3611 2351 3633 ‚
2381 3571 2466 3622 vel
2483 3608 2498 3635 ,
2523 3583 2584 3624 ut

1563 3653 1727 3724 vulgo
1779 3651 2052 3724 loquimur
2069 3693 2084 3718 ,
2159 3648 2296 3706 duos
2345 3649 2582 3723 pollices.

1563 3731 1771 3804 Nempe
1817 3729 2076 3786 diameter
2121 3729 2446 3784 emblematis
2481 3727 2588 3780 suit

1563 3809 1790 3866 duarum
1817 3810 2115 3864 unciarum.
2141 3811 2355 3880 Ulysses
2375 3819 2428 3860 et
2449 3805 2582 3860 Dio-

1562 3891 1744 3946 medes
1773 3889 2070 3944 Palladium
2101 3889 2456 3957 subripientes
2483 3904 2580 3940 su-

1563 3989 1858 4044 penumero
1876 3981 2162 4023 occurrunt
2181 3967 2234 4020 in
2254 3966 2476 4036 gemmis
2493 3985 2586 4018 an-

1565 4052 1748 4124 tiquis.
1761 4052 1840 4105 Ex
1861 4051 2012 4103 Brut.
2031 4059 2168 4101 nott.
2187 4044 2255 4100 sd
2278 4045 2334 4100 h.
2351 4046 2386 4100 l.
2418 4045 2524 4100 En.
