2975 4684
442 377 533 445 28
978 381 1053 448 c.
1108 341 1445 452 PLan'
1482 383 1695 450 NAT.
1749 383 2006 451 ms‘r.

438 511 647 578 vitute
686 507 941 578 liberati
982 511 1349 581 transiliant
1386 540 1404 580 τ
1444 513 1622 607 quod
1645 529 1838 584 antea
1875 537 2232 608 numquam
2272 527 2414 582 erat
2455 517 2552 586 sa-

440 629 651 698 ctum,
678 618 998 708 quoniam
1034 619 1103 684 in
1138 617 1351 688 ferreo
1386 619 1588 688 anulo
1623 622 1871 714 equites
1899 618 2280 712 judicesque
2293 621 2554 710 ,intelli-

382 746 395 754 ·
440 722 767 816 gebantur
810 747 825 786 :
879 721 1175 816 adeoque
1221 727 1671 817 promiscuum
1713 726 1778 794 id
1817 749 1959 795 esse
2001 727 2230 817 coepit,
2269 741 2342 793 ut
2375 729 2556 820 apud

442 823 795 894 Claudium
832 829 1190 916 Caesarem,
1231 831 1299 896 in
1332 855 1622 899 censura
1649 818 1886 924 ejus¹⁴‚
1921 854 2090 899 uuus
2119 855 2200 898 ex
2225 832 2564 960 equitibus

436 929 701 999 Flavius
733 932 1081 1020 Proculus,
1106 935 1622 1030 quadringentos
1651 961 1732 1005 ex
1761 961 1842 1005 ea
1867 959 2064 1005 causa
2091 935 2272 1004 reos⁸
2327 952 2552 1030 postu·

438 1033 623 1104 laret.
662 1040 765 1105 Ita
795 1038 953 1106 dum
990 1054 1335 1134 separatur
1362 1041 1531 1110 ordo
1563 1043 1650 1111 ab
1681 1043 1980 1137 ingenuis
1997 1027 2065 1121 ¹⁶,
2103 1044 2556 1111 communica-

442 1155 547 1210 tus
574 1156 675 1212 est
708 1167 859 1210 cum
888 1147 1186 1214 servitiis.

371 1263 403 1314 3
543 1246 848 1316 Judicum
892 1265 1111 1318 autem
1166 1252 1606 1347 appellatione
1668 1255 1956 1348 separari
2011 1277 2162 1322 eum
2213 1253 2508 1322 ordinem
2533 1307 2554 1338 ‚

439 1353 635 1446 primi
671 1357 969 1422 omnium
1012 1356 1351 1427 instituere
1383 1357 1760 1444 Gracchi¹⁷,
1791 1359 2076 1428 discordi
2115 1358 2555 1453 popularitate

433 1457 503 1525 in
558 1458 1023 1530 contumeliam
1084 1477 1349 1532 senatus
1398 1490 1413 1530 z
1466 1491 1624 1533 mox
1680 1489 1756 1533 ea
1811 1463 2162 1550 debellata,
2201 1467 2562 1533 auctoritas·

433 1565 717 1634 nominis
734 1567 917 1636 vario
934 1567 1327 1637 seditionum
1346 1585 1586 1638 eventu
1611 1571 1785 1640 circa
1816 1569 2200 1664 publicanos
2229 1570 2547 1638 substitit:

434 1683 501 1738 et
516 1667 909 1764 aliquamdiu
932 1675 1137 1742 tertiae
1155 1661 1391 1743 vires¹⁸
1428 1675 1757 1768 publicani
1793 1674 1996 1744 fuere.
2026 1679 2296 1746 Marcus
2317 1679 2551 1746 Cicero

433 1773 701 1842 demum
743 1775 1059 1843 stabilivit
1104 1793 1407 1870 equestre
1444 1805 1686 1847 nomen
1737 1783 1806 1846 in
1854 1779 2198 1861 consulatu
2233 1804 2392 1866 suo,
2425 1783 2553 1849 Ca·

434 1878 723 1948 tilinanis
748 1878 943 1948 rebus
966 1879 1037 1962 ¹⁹,
1058 1905 1135 1948 ex
1160 1906 1241 1950 eo
1270 1907 1339 1950 se
1370 1883 1598 1951 ordine
1632 1883 2005 1976 profectum
2022 1908 2162 1952 esse
2182 1883 2518 1952 celebrans
2537 1939 2554 1968 ‚
2651 1915 2658 1922 ·

432 1984 702 2078 ejusque
744 1984 911 2054 vires
943 1984 1255 2080 peculiari
1278 1987 1717 2082 popularitate
1756 2013 2072 2081 quoerens.
2109 1989 2214 2058 Ab
2243 1987 2354 2058 illo
2388 2003 2558 2058 tem—

433 2180 589 2234 simul
608 2199 729 2233 cum
752 2182 981 2252 equestri
999 2181 1275 2254 dig-nitate.
1298 2184 1453 2236 'Paci-
1537 2201 1636 2255 per
1659 2203 1826 2237 annos
1845 2181 2027 2238 decem
2049 2185 2292 2255 turpiter.
2321 2195 2420 2238 etc.
2434 2209 2457 2232 ιι
2483 2184 2554 2238 Η.

433 2272 539 2324 tus,
556 2259 907 2320 Historiarum
926 2262 1067 2314 libro
1078 2263 1283 2333 primo:
1305 2264 1449 2316 «Nee
1537 2296 1617 2306 —
1635 2265 1790 2315 Prc'mi
1817 2266 2025 2316 omnium
2053 2267 2297 2316 instituere
2319 2263 2550 2318 Gracchi.

433 2341 614 2392 minor
638 2340 805 2410 gratia
831 2341 864 2392 J
870 2341 976 2393 ulio
1012 2341 1196 2395 Galba
1230 2342 1447 2408 liberto,

432 2437 593 2490 quem
624 2420 793 2472 anulis
816 2419 1077 2474 donatum
1106 2423 1335 2492 equestri
1353 2442 1449 2474 no-

430 2497 575 2550 mine
590 2499 911 2552 Martianum
932 2500 1249 2554 vocitabant.
1261 2527 1283 2548 ι
1296 2500 1447 2554 Idem

431 2575 778 2630 Historiarum
836 2578 1099 2646 secundo,
1154 2579 1449 2634 Asiaticum

434 2655 639 2709 Vitellii
657 2657 928 2721 libertum,
951 2659 1023 2711 ait
1042 2657 1295 2712 donatum
1315 2679 1443 2713 auu·

431 2735 517 2796 lis,
553 2733 699 2807 quod
724 2748 875 2789 antea
900 2736 1118 2802 dixerat,
1136 2743 1340 2809 equestri
1366 2739 1448 2792 di·

410 2819 631 2888 ἐπίκεο.
666 2816 851 2872 ΗΑΜ).

518 2902 607 2958 121.
638 2895 699 2948 In
736 2913 935 2948 censura
966 2897 1087 2966 ejus.
1110 2898 1282 2962 Quam
1318 2917 1443 2951 cuin

430 2973 495 3024 L.
524 2973 741 3026 Vitellio
772 2975 956 3044 gessit,
999 2977 1327 3047 principatus
1363 2977 1445 3029 sui

430 3071 570 3104 anuo
582 3065 783 3116 octavo,
795 3053 1123 3123 lustrantque
1136 3056 1256 3108 fecit
1268 3075 1443 3109 uxiv-

519 3147 541 3182 1
554 3132 607 3185 5.
632 3133 716 3184 En
730 3151 789 3183 ea
801 3152 944 3186 causa
960 3153 1079 3186 reos.
1096 3135 1259 3200 Quod
1276 3153 1443 3206 quum

430 3211 567 3264 servi
602 3223 805 3272 essem,
856 3227 945 3265 aut
984 3213 1194 3278 liberti,
1240 3216 1445 3286 insigne

431 3291 666 3360 equitum
687 3303 961 3361 gestarent.
994 3292 1175 3346 itinn.

516 3373 605 3422 16.
634 3369 719 3421 Ab
736 3373 966 3440 ingenuis.
992 3374 1038 3424 A
1066 3387 1249 3426 senatu
1270 3387 1325 3426 et
1342 3393 1440 3444 po-

430 3449 559 3518 pulo
580 3465 817 3502 romano.
846 3449 1022 3505 liano.

516 3547 604 3598 17.
626 3527 851 3582 Gracchi.
872 3531 1126 3584 Asconius
1148 3529 1408 3583 Pedianus
1424 3567 1439 3594 ‚

427 3607 485 3659 in
518 3608 701 3662 Diviu.
738 3627 791 3676 p.
829 3616 897 3678 47
926 3627 941 3662 :
977 3635 1000 3656 ι
1029 3611 1113 3663 Ti.
1136 3610 1432 3664 Gracchus.

428 3686 635 3757 inquit,
672 3687 835 3756 legem
879 3688 1099 3752 tulerat.
1138 3703 1201 3744 ut
1236 3689 1439 3760 equites

427 3766 631 3819 romani
680 3767 973 3838 judicarent
1002 3786 1018 3819 :
1068 3767 1441 3840 judicaverunt

427 3861 525 3911 per
564 3863 727 3898 annos
760 3845 857 3898 XX
896 3847 1009 3900 sine
1048 3847 1281 3901 infamia.
1318 3849 1443 3900 Post

426 3921 597 3975 victor
616 3923 761 3994 Syna
781 3925 921 3997 leges
950 3927 1175 3990 tulerat,
1206 3939 1267 3980 ut
1292 3944 1441 3979 sena-

425 4000 593 4053 torius
618 4002 755 4055 ordo
782 4003 1075 4074 judicaret,
1106 4019 1159 4060 et
1186 4004 1441 4075 judicavit

1535 2345 1699 2420 Regg.
1759 2341 1917 2396 codd.
1978 2356 2288 2414 veteresque
2345 2343 2560 2396 nummi·

1533 2440 1644 2474 non
1681 2422 1896 2486 Graqclu‘
1917 2459 1932 2486 ,
1985 2421 2076 2476 sed
2125 2423 2306 2477 Gracci
2359 2423 2559 2494 profe·-

1533 2515 1678 2555 runt.
1709 2502 1811 2553 En.

1622 2584 1711 2635 18.
1748 2583 1928 2633 Tertio
1951 2585 2098 2633 vires.
2125 2579 2338 2633 Tertius
2367 2581 2550 2644 locus,

1535 2661 1690 2713 tertia
1731 2658 1973 2728 dignitas.
2023 2659 2145 2712 Fuit
2178 2677 2346 2731 quum
2373 2659 2552 2730 legen-

1533 2737 1664 2792 dum
1693 2739 2002 2808 suspicarer,
2024 2741 2176 2790 ter-tice
2197 2743 2340 2791 vices.
2369 2738 2549 2791 Ham).

1620 2835 1704 2885 19.
1741 2819 1814 2870 Ei
1838 2831 2051 2870 senatum
2081 2818 2355 2869 concilians.
2379 2819 2552 2870 Vetus

1532 2897 1800 2966 exemplar
1835 2897 1992 2968 longe
2045 2897 2232 2951 aliter:
2281 2897 2554 2949 concilium

1532 2975 1668 3028 rebus
1701 2997 1719 3028 .·
1769 2990 1828 3029 ut
1876 2977 2015 3030 forte
2062 2975 2398 3029 scribendum
2453 2977 2546 3036 sit,

1535 3055 1819 3114 Cartilianis
1833 3057 1984 3108 rebus.
2015 3056 2552 3108 Pium—Carmana&

1532 3135 1686 3187 mbas.
1711 3135 1944 3206 Vestigia
1967 3134 2164 3187 codicis
2193 3133 2556 3204 probatissimi.

1532 3215 1660 3284 neg.
1686 3231 1735 3277 a,
1759 3213 1956 3284 integra
1981 3213 2087 3266 fide
2107 3215 2268 3267 secuti
2287 3215 2406 3268 loco
2424 3213 2550 3264 huie

1528 3293 1854 3345 curationem
1897 3291 2230 3346 adhibuimus
2254 3311 2268 3346 ε
2322 3311 2444 3346 nam
2493 3293 2554 3342 in

1527 3391 1592 3424 eo
1621 3369 1850 3424 vidimus
1876 3371 2021 3441 quod
2047 3385 2099 3425 et
2127 3375 2182 3425 in
2215 3389 2313 3425 suo
2343 3369 2544 3423 Pintia·

1532 3469 1633 3504 nus
1659 3449 1794 3502 vidit
1813 3489 1829 3512 ‚
1857 3451 2145 3506 confilium&
2170 3451 2325 3504 rebus.
2346 3450 2550 3503 Plinius

1527 3531 1661 3601 ipse,
1687 3530 1780 3582 lib.
1809 3533 1862 3583 11
1883 3569 1898 3596 ‚
1923 3549 2039 3602 cap.
2069 3533 2134 3584 52
2156 3571 2170 3595 ,
2195 3549 2251 3601 p.
2287 3547 2416 3592 too,
2450 3555 2473 3576 ι
2493 3529 2550 3580 in

1527 3609 1838 3664 Catilinanis
1887 3610 2144 3681 prodigiis
2171 3635 2194 3656 ι
2247 3608 2398 3662 dixit.
2447 3607 2550 3660 Hic

1525 3707 1652 3742 vero
1699 3689 1828 3744 editi
1879 3689 1944 3742 ad
1989 3692 2132 3743 hunc
2177 3686 2324 3740 diem
2389 3687 2510 3739 libri
2533 3721 2548 3741 .

1535 3795 1558 3816 ι
1587 3781 1824 3822 senatum
1853 3770 1904 3822 ei
1933 3769 2218 3823 concilians
2237 3805 2252 3830 ,
2282 3791 2304 3812 ι
2339 3782 2548 3834 expun-

1527 3861 1608 3901 cta
1643 3865 1770 3900 voce
1810 3849 1975 3914 rebus,
2013 3845 2216 3917 adjecta
2249 3845 2414 3897 altera
2453 3841 2548 3893 de-

1527 3925 1654 3980 inde
1673 3939 1884 3980 senatum
1896 3948 1917 3990 ,-
1939 3926 2158 3996 reliquis
2179 3923 2408 3976 omnino
2435 3939 2554 3973 cor-

1529 4005 1716 4076 ruptis.
1739 4007 1922 4060 Hau.
