2975 4684
441 379 575 428 222
976 357 1051 422 C.
1108 353 1448 424 PLINII
1501 354 1708 422 NAT.
1763 353 2010 423 HIST.

440 489 718 585 gelante.
776 490 881 556 Fit
927 500 995 555 et
1044 484 1191 554 salis
1230 485 1461 574 modo,
1503 485 2004 580 flagrantissimo
2063 483 2200 556 sole
2235 489 2550 562 admissas

442 595 667 664 dulces
702 617 903 686 aquas
947 578 1313 686 cogente¹³.
1358 591 1520 660 Ideo
1557 590 1802 685 duplici
1841 592 2108 684 quidam
2149 593 2549 686 differentia,

444 700 661 770 fossile
694 713 809 766 aut
844 697 1165 767 factitium
1196 696 1530 792 appellant
1561 696 1725 765 hoc.
1756 696 2094 791 pallidius,
2128 713 2196 767 et
2227 717 2546 793 quantum

373 825 405 879 3
442 804 697 888 colore,
742 816 996 871 tantum
1048 801 1338 871 bonitate
1389 802 1696 871 deterius.
1739 803 2032 871 Probant
2073 805 2356 874 maxime
2415 810 2542 902 Cy·

440 911 654 1003 prium
692 909 761 976 in
801 908 1135 977 medicinae
1166 933 1310 978 usu.
1354 894 1718 978 sumitur*
1761 908 1843 976 ad
1883 907 2266 1039 depellenda
2305 915 2550 987 ventris

440 1012 739 1082 animalia
770 1013 1102 1083 drachmae
1138 1013 1427 1108 pondere
1468 1038 1620 1082 cum
1666 1011 1877 1082 melle.
1906 1001 2213 1109 Purgat¹⁵
2255 1032 2322 1086 et
2351 1034 2551 1112 caput

440 1118 763 1210 dilutum,
800 1143 878 1189 ac
916 1119 1183 1188 naribus
1224 1110 1657 1188 instillatum:
1703 1119 1859 1188 item
1903 1120 2352 1208 stomachum,
2395 1149 2548 1194 cum

440 1223 633 1294 melle
686 1240 816 1354 ants
844 1247 1015 1318 aqua
1054 1223 1267 1294 mulsa
1317 1239 1675 1320 sumptum.
1735 1223 2046 1293 Medetur
2088 1240 2157 1296 et
2205 1177 2550 1298 ocuiorum

344 1379 353 1386 ·
439 1315 816 1400 scabritiei¹⁶
818 1329 1175 1448 ,dolorive,
1202 1344 1271 1399 et
1294 1329 1584 1424 caligini,
1605 1343 1672 1398 et
1701 1331 1836 1400 oris
1864 1329 2265 1401 hulceribus.
2279 1335 2462 1404 Sistit
2487 1351 2556 1405 et

440 1437 825 1530 sanguinem
866 1437 1179 1504 narium:
1231 1438 1385 1504 item
1434 1435 2015 1506 haemorrhoidum.
2063 1440 2365 1510 Extrahit
2409 1463 2555 1510 ossa

443 1542 652 1611 fracta
668 1540 713 1581 ¹⁷
772 1566 928 1610 cum
986 1542 1231 1610 semine
1278 1542 1682 1636 hyoscyami.
1755 1542 2110 1635 Suspendit
2169 1545 2555 1638 epiphoras,

376 1676 406 1734 4
444 1644 750 1741 penicillo
806 1645 1006 1714 fronti
1062 1648 1461 1742 impositum.
1520 1647 1775 1717 Efficax
1833 1660 1898 1716 et
1941 1649 2008 1715 in
2057 1648 2424 1745 emplastris
2473 1652 2556 1722 ad

443 1752 785 1848 purganda
841 1751 1151 1840 bulcem,
1210 1767 1277 1822 et
1328 1755 1766 1822 excrescentia
1818 1751 2185 1824 hulcerum.
2237 1755 2434 1825 Tollit
2489 1772 2558 1826 et

439 1883 638 1945 uvas,
680 1857 778 1926 vel
815 1860 869 1926 si
907 1858 1184 1928 decocto
1225 1871 1598 1952 tangantur.
1641 1861 1810 1925 Cum
1853 1855 1964 1924 lini
2007 1883 2270 1951 quoque
2313 1861 2556 1928 semine

441 1964 909 2060 superponitur
944 1963 1311 2059 emplastris
1340 1963 1421 2032 ad
1455 1961 1716 2031 dolores
1742 1959 2101 2031 tollendos:
2133 1963 2438 2081 quodque
2475 1988 2554 2032 ex

440 2096 521 2140 eo
572 2069 915 2156 candicat,
961 2072 1029 2138 in
1072 2095 1155 2138 eo
1198 2093 1323 2137 usu
1366 2067 1716 2162 praefertur
1762 2065 2112 2150 violaceis,
2159 2070 2210 2136 si
2251 2069 2556 2161 gravitati

437 2179 693 2246 aurium
726 2199 844 2270 per
874 2123 1123 2244 fistulas
1152 2174 1520 2266 inspiretur.
1541 2170 1834 2240 Vulnera
1861 2172 2054 2240 etiam
2079 2195 2200 2266 per
2227 2197 2294 2240 se
2321 2171 2554 2242 illitum

438 2298 659 2370 sanat,
698 2281 810 2351 sed
847 2281 1083 2373 tinguit
1112 2278 1484 2345 cicatrices,
1529 2300 1871 2371 nuperque
1898 2263 2307 2346 inventum¹⁸
2312 2332 2331 2364 ‚
2362 2303 2556 2349 urso-

438 2415 589 2458 rum
625 2391 693 2456 in
724 2408 923 2454 arena
960 2398 1029 2451 et
1055 2382 1321 2450 leonum
1351 2405 1469 2450 ora
1499 2382 1877 2475 inspargere
1915 2380 2066 2451 illo:
2103 2397 2416 2479 tantaque
2449 2383 2585 2456 est⁴

441 2498 541 2564 vis
575 2496 642 2562 in
674 2487 1174 2580 adstringendo‚
1202 2500 1279 2556 ut
1314 2511 1451 2555 non
1482 2500 1728 2580 queant
1753 2486 2076 2556 mordere.

379 2632 402 2667 ι
514 2595 871 2698 ἱΧΧΧῙῙΙ.
893 2585 1119 2686 (xm.)
1144 2591 1556 2661 Etiamnum¹
1575 2593 1640 2660 in
1671 2593 1914 2661 aerariis
1945 2593 2386 2688 reperiuntur,
2413 2621 2559 2690 quae

527 2772 885 2828 13.Adm'ssas
897 2771 1061 2824 dulces
1072 2788 1226 2842 aquas
1243 2781 1457 2840 cogente.
1551 2788 1657 2842 ges.
1683 2769 1936 2843 Sequitur
1957 2773 2240 2828 confestim
2259 2796 2274 2826 ε
2310 2799 2334 2822 ιι
2358 2774 2559 2830 dolori-

441 2857 507 2909 In
543 2853 755 2910 scrobes
790 2861 1061 2904 excavatas
1093 2866 1243 2920 nque
1276 2867 1462 2920 supra·
1549 2868 1674 2920 que,
1689 2867 1788 2902 nec
1807 2869 1916 2902 non
1935 2863 1988 2904 et
2005 2853 2238 2925 caligini,
2258 2865 2312 2908 et
2325 2855 2432 2908 oris
2442 2856 2564 2910 hul..

442 2933 601 2990 dictae
619 2953 649 2986 e
672 2931 845 3005 puteis
861 2929 1058 2982 hausta
1085 2926 1461 2994 admittuntur,
1545 2929 1807 2983 ceribus.-
1835 2929 1901 2981 In
1921 2929 2110 2984 eodem
2129 2970 2146 2996 ,
2181 2959 2204 2980 ι
2225 2931 2486 3000 dolorive,
2506 2947 2561 2988 et

444 3031 576 3068 mox
594 3013 703 3065 sole
731 3019 995 3080 coguntur
1015 3026 1029 3060 ε
1052 3019 1113 3061 nt
1136 3007 1297 3060 sulem
1322 3005 1461 3060 dixit

442 3105 595 3147 antea
616 3090 752 3153 fieri,
779 3087 989 3150 xxxl,
1023 3085 1117 3155 39,
1142 3105 1276 3158 aqua
1305 3105 1336 3140 e
1358 3104 1456 3158 pn-

443 3171 541 3224 teis
575 3169 631 3222 in
672 3168 863 3222 alinae
902 3166 1121 3236 ingesta.
1162 3165 1251 3220 Sic
1295 3166 1459 3220 etiam

442 3245 571 3304 laid.
596 3249 703 3301 loc.
722 3247 813 3299 cit.
842 3246 1030 3298 Han.

534 3347 558 3382 1
571 3333 627 3392 4.
646 3327 863 3380 Sumitm·
878 3325 951 3376 ad
970 3323 1251 3396 depellenda
1276 3328 1460 3378 ventris

449 3407 695 3462 naualia.
716 3395 955 3480 Ἇμινθας
994 3405 1235 3466 πλατιίας
1279 3403 1462 3475 ἀναιρεῖ

466 3503 518 3556 <
550 3477 597 3542 α’
634 3487 779 3556 βάρος
816 3484 1229 3555 καταπινόμενον,
1260 3483 1295 3542 ἢ
1331 3486 1466 3538 κατὰ

450 3569 643 3638 μανι-ος
668 3566 997 3636 ἱκπινόμινον.
1014 3563 1193 3616 Ham.

538 3649 629 3701 15.
657 3647 853 3716 Pru-gae
883 3654 931 3694 et
962 3655 1124 3714 caput.
1150 3642 1336 3696 Diosc.
1360 3653 1463 3695 tot-

452 3725 593 3780 idem
618 3723 791 3780 verbis
818 3725 921 3776 loc.
942 3723 1031 3776 cit.
1054 3723 1241 3776 niun.

398 3793 408 3800 “
538 3808 626 3860 16.
670 3805 896 3858 Medum·
922 3813 973 3856 et
1005 3802 1249 3854 oculorum
1278 3797 1463 3848 scabri-

450 3888 555 3949 tm‘,
584 3895 684 3938 etc.
710 3883 984 3946 scabritia,
1006 3897 1115 3934 non
1130 3875 1457 3938 scabritiemn
1550 3878 1614 3930 In
1648 3877 1952 3934 fornacibus
1985 3878 2232 3932 videlicet
2248 3917 2265 3942 ,
2289 3878 2344 3930 in
2371 3879 2566 3950 quibus

446 3965 663 4034 antiquo
693 3962 905 4026 codice,
928 3975 1243 4028 semperque
1267 3955 1345 4008 sic
1384 3955 1458 4007 le-

1548 3007 1767 3080 cnligini
1794 3027 1856 3062 ac
1885 3010 1995 3063 oris
2009 3011 2332 3070 hulceribus.
2347 3037 2368 3060 n
2400 3015 2560 3068 Pur-r.

1548 3119 1629 3130 —-
1660 3087 1901 3141 Medeeur.
1914 3088 2082 3144 Marc.
2108 3091 2264 3164 Emp.
2287 3110 2404 3163 cap.
2425 3111 2562 3156 vnt,

1545 3184 1601 3239 p.
1633 3165 1723 3220 55.
1751 3166 1934 3221 Ham).

1635 3263 1728 3317 17.
1753 3247 1988 3299 Extrahit
2017 3267 2127 3299 ossa
2153 3249 2341 3316 fracta.
2376 3250 2555 3304 Diosc-

1546 3327 1676 3378 mn.
1693 3325 1740 3388 I,
1765 3327 1914 3379 166:
1941 3318 2196 3397 Lvoe'ystd’
2217 3329 2337 3388 ὀςία.
2353 3327 2564 3396 unicipi-

1548 3423 1755 3460 στησι...
1794 3404 1984 3472 affirm
1959 3410 2098 3473 νοον,
2146 3406 2230 3458 σὺν
2286 3405 2562 3477 ὓοσκυοίμου

1555 3484 1823 3554 σπέρματι.
1853 3483 2035 3538 Hum-

1639 3580 1661 3616 1
1675 3563 1728 3615 8.
1758 3563 1817 3616 Ν
1815 3581 2018 3634 asperque
2043 3565 2276 3616 inventum
2296 3601 2312 3628 ,
2348 3582 2561 3616 ursorum

1553 3645 1605 3693 in
1631 3659 1778 3692 arena
1797 3680 1812 3704 ,
1839 3653 1940 3694 etc.
1951 3639 2205 3695 Totidem
2230 3642 2405 3696 verbis
2433 3639 2564 3695 hid.

1549 3719 1685 3772 XVI
1702 3758 1718 3783 ‚
1747 3739 1797 3772 α.
1827 3721 2010 3774 Han.

1631 3797 1956 3854 xxxma.
1973 3801 2253 3853 Etiamnum
2279 3801 2330 3851 in
2359 3803 2562 3852 amr-iis.

1547 3974 1616 4008 ns
1635 3956 1828 4010 uritur.
1859 3958 2040 4012 man.
