2975 4684
484 360 622 439 224
1042 358 1117 425 C.
1170 359 1501 427 PLINII
1550 360 1761 430 NAT.
1815 358 2062 426 HIST.

476 488 713 581 quibus
762 485 925 555 lenis
968 490 1280 581 quaeritur
1334 490 1744 583 refrigeratio
1789 504 1858 557 et
1907 489 2189 559 siccatio.
2234 486 2475 557 Utilior
2507 489 2596 557 ad

476 596 697 661 omnia
743 615 889 684 quae
936 594 1089 661 vino
1130 593 1263 663 lota
1302 609 1420 664 est.

581 700 903 765 XXXIV.
943 698 1227 792 Spodos¹
1263 702 1508 794 Cypria
1544 662 1808 793 optima.
1845 700 1950 768 Fit
1977 713 2196 828 aute3m
2231 697 2591 791 liquescen—

478 803 653 872 tibus
680 801 969 889 cadmia,
1010 818 1079 871 et
1114 808 1342 893 aerario
1371 804 1638 899 lapide².
1672 790 2142 874 Levissimum³
2175 804 2306 872 hoc
2331 804 2596 873 efflatur

478 923 547 975 et
589 932 831 1001 ocyuS,
876 908 1223 1003 evolatque
1254 936 1291 979 e
1322 910 1737 993 fornacibus,
1778 926 1845 978 et
1875 912 2068 978 tectis
2105 908 2592 993 adhaerescit‚a

482 1012 751 1107 fuligine
798 1014 1045 1083 distans
1098 1014 1402 1085 candore.
1450 1016 1652 1104 Quod
1693 1016 1909 1083 minus
1954 1014 2301 1083 candidum
2345 1040 2426 1083 ex
2473 1040 2553 1085 eo
2573 1068 2593 1102 ,

482 1121 849 1199 immaturae
898 1119 1183 1189 fornacis
1218 1136 1682 1215 argumentum
1741 1135 1883 1188 est:
1929 1119 2058 1188 hoc
2091 1118 2357 1213 quidam
2403 1145 2592 1214 pom—

480 1222 833 1318 pholygem
864 1240 1120 1295 vocant.
1153 1226 1353 1314 Quod
1380 1251 1539 1295 vero
1571 1224 1998 1294 rubicundius
2024 1226 2206 1293 exiis
2241 1225 2594 1312 invenitur,

482 1330 799 1399 acriorem
836 1332 965 1399 vim
995 1331 1197 1399 habet
1216 1318 1263 1418 ⁴,
1300 1330 1808 1423 exhulceratque
1845 1329 2051 1414 aden,
2079 1345 2154 1397 ut
2191 1354 2392 1423 quum
2425 1329 2594 1399 lava-

482 1450 613 1519 tur,
643 1438 694 1503 si
722 1433 948 1505 oculos
982 1437 1296 1531 attingat,
1340 1452 1642 1507 excaecet.
1675 1440 1796 1505 Est
1822 1448 1887 1503 et
1925 1434 2139 1503 mellei
2175 1434 2408 1505 coloris
2437 1460 2590 1528 spo-

481 1536 639 1627 dos,
678 1541 743 1607 in
779 1566 909 1633 qua
951 1540 1306 1635 plurimum
1349 1545 1492 1612 aeris
1527 1539 1926 1634 intelligitur.
1969 1540 2098 1609 Sed
2135 1540 2592 1669 quodcumque

482 1670 688 1741 genus
732 1644 1012 1715 lavando
1062 1647 1137 1715 fit
1181 1647 1457 1717 utilius:
1519 1660 1841 1740 purgatur
1903 1660 2056 1715 ante
2107 1631 2367 1774 penna⁵
2374 1698 2393 1728 ,
2441 1645 2592 1714 dein

480 1752 795 1820 crassiore
840 1750 1072 1819 lotura.
1124 1754 1363 1845 Digitis
1406 1753 1774 1821 scabritiem
1823 1736 2185 1839 exterunt‘fi
2233 1750 2452 1819 Media
2496 1752 2594 1820 vis

478 1858 621 1947 ejus
657 1870 795 1939 est,
846 1881 991 1948 quoe
1026 1857 1182 1924 vino
1222 1854 1497 1925 lavatur.
1545 1860 1663 1926 Est
1704 1856 1917 1951 aliqua
1961 1871 2027 1924 et
2064 1858 2132 1923 in
2175 1881 2414 1948 genere
2459 1856 2593 1924 vini

483 1959 877 2029 differentia.
916 1962 1081 2029 Leni
1118 1964 1295 2029 enim
1333 1961 1465 2029 lota
1503 1961 1784 2056 collyriis
1825 1959 2167 2030 oculorum
2198 1962 2412 2029 minus
2443 1976 2598 2054 apta

482 2064 811 2159 putatur&
862 2064 1111 2133 Eadem
1157 2066 1493 2137 efficacior
1533 2067 1907 2138 hulceribus
1947 2090 2091 2160 quae
2141 2080 2445 2151 manant,
2485 2063 2591 2133 vel

482 2172 615 2239 oris
645 2196 787 2265 quae
812 2170 1115 2249 madent,
1138 2186 1206 2239 et
1234 2173 1540 2241 omnibus
1561 2173 2084 2257 medicamentis,
2109 2194 2253 2263 quae
2255 2184 2595 2298 parantur

484 2292 717 2347 contra
756 2300 1157 2372 gangraenas.
1209 2280 1314 2345 Fit
1344 2292 1410 2345 et
1452 2280 1522 2346 in
1564 2280 1815 2373 argenti
1864 2260 2278 2346 fornacibus⁸
2320 2274 2596 2369 spodOS,

562 2458 823 2511 XXXIV.
859 2476 906 2511 ι.
940 2450 1314 2527 Spatia-§.Orib-
1338 2458 1493 2523 XIII,

479 2556 531 2606 p.
564 2538 692 2590 231.
720 2536 786 2589 H.
805 2567 876 2577 —-
894 2537 977 2588 De
1000 2536 1180 2607 Spodo
1202 2538 1342 2591 conf.
1369 2538 1498 2590 item

478 2614 699 2668 Excurs.
724 2616 777 2668 11
802 2614 867 2669 ad
893 2618 1087 2671 calcem
1116 2618 1234 2688 huj.
1270 2618 1361 2669 lib.
1388 2618 1496 2669 En.

565 2714 615 2747 α.
647 2695 719 2746 Et
742 2699 920 2749 oerare‘o
961 2696 1139 2766 lapide.
1184 2700 1377 2750 AEroso
1420 2697 1497 2748 la-

478 2772 638 2843 pide,
661 2792 727 2826 ex
756 2792 863 2845 qno
896 2774 1013 2829 fieri
1049 2794 1118 2829 aa
1149 2774 1355 2829 dictum
1386 2786 1495 2842 cst,

482 2872 599 2924 cap.
631 2874 659 2906 2
688 2867 740 2906 et
770 2873 858 2906 υ.
893 2852 1073 2906 mnu.

564 2933 617 2987 3.
646 2934 968 2986 Levissimum.
990 2933 1075 2985 Sic
1098 2934 1225 3003 Reg.
1255 2953 1283 2985 τι
1308 2944 1360 2985 et
1386 2932 1496 2984 alii.

484 3010 632 3065 Editi
656 3030 964 3083 perperam,
994 3014 1223 3065 levissime
1260 3014 1381 3063 lioec.
1414 3010 1498 3062 Si-

484 3109 610 3141 mon
636 3091 944 3155 suanensis,
976 3110 1094 3163 cap.
1128 3091 1197 3143 de
1230 3090 1498 3161 pompho-

484 3168 639 3237 lyge,
666 3170 821 3239 legit,
854 3195 875 3215 ι
900 3169 1164 3223 levissimo
1183 3182 1319 3224 statu
1335 3206 1351 3233 ,
1370 3181 1497 3221 evo·

482 3245 695 3318 latque,
715 3261 815 3301 etc.
844 3274 866 3294 a·
898 3248 1078 3302 Ηιιιιι.

567 3332 620 3389 4.
652 3330 704 3379 A
707 3331 901 3379 oribe-em
936 3331 1035 3379 vim
1063 3328 1219 3381 habet.
1244 3324 1498 3379 Nondum

484 3417 639 3457 exuta
659 3404 897 3469 cadmia,
912 3407 1131 3459 oerosive
1154 3404 1342 3477 lapidis
1368 3404 1500 3458 acri-

489 3487 677 3538 monia.
710 3486 845 3536 Du..

568 3570 617 3618 5.
638 3564 887 3633 Purgatur
901 3574 1013 3614 ante
1036 3582 1211 3627 penna,
1236 3563 1346 3613 dein
1368 3582 1499 3613 cras·

488 3646 611 3695 sior-e
630 3644 804 3695 lotura.
832 3639 1137 3713 Legendum
1160 3659 1225 3693 ex
1252 3640 1495 3692 Dioscor.

488 3722 659 3787 lib.V,
680 3742 795 3793 cap.
826 3720 894 3774 85
929 3742 940 3771 ι
984 3747 1005 3767 ι
1032 3720 1292 3789 Purgatur
1318 3731 1496 3770 autem

488 3801 544 3853 in
572 3803 817 3855 crassiore
840 3818 1017 3871 panno
1048 3798 1239 3850 lotura.
1261 3795 1502 3861 Quidam

490 3878 669 3949 digitis
694 3880 984 3933 scabritiem
1006 3888 1245 3932 exerunt.
1270 3876 1503 3928 Maxima

490 3958 569 4007 vis
607 3964 717 4027 ejus
748 3971 858 4023 est,
885 3972 989 4013 etc.
1018 3984 1041 4007 ι
1076 3956 1314 4028 quamvis
1340 3972 1390 4008 c.
1428 3956 1497 4007 18

1585 2458 1741 2529 hujus
1777 2458 1946 2511 libri
1931 2477 1987 2512 ιιι
2014 2459 2188 2511 lotura
2218 2455 2392 2527 spodii
2421 2457 2600 2525 plum-

1584 2538 1672 2591 bei
1703 2538 1984 2602 scribatur,
2015 2563 2037 2585 ·
2067 2534 2294 2602 Quidam
2321 2535 2594 2605 pulverem

1584 2617 1774 2687 pennis
1792 2614 2068 2686 detergere
2092 2615 2292 2668 malunt
2307 2652 2324 2680 ,
2351 2632 2409 2665 ac
2429 2625 2597 2667 terere

1585 2696 1640 2748 in
1669 2695 1798 2747 vino
1823 2694 2099 2747 odoram.»
2130 2695 2270 2746 Du..
2301 2724 2380 2734 —
2406 2693 2598 2761 Purga-

1586 2786 1680 2826 tur.
1710 2772 1796 2825 Sic
1821 2772 1946 2824 libri
1973 2772 2134 2837 editi,
2163 2788 2426 2842 manuque
2465 2771 2594 2824 scri-

1583 2853 1682 2923 pti.
1720 2852 1904 2904 Simon
1944 2850 2253 2916 Januensis,
2297 2851 2388 2921 qui
2424 2862 2596 2903 totum

1583 2932 1687 2983 boc
1715 2930 1782 2983 de
1821 2929 2186 3001 pompholyge
2219 2942 2382 3000 caput
2409 2928 2598 2981 exscri-

1585 3010 1721 3081 psit,
1779 3006 2061 3072 mendose,
2119 3030 2140 3051 ι
2173 3021 2428 3077 purgatur
2478 3019 2597 3059 ante

1584 3088 1758 3160 prima
1794 3106 1807 3137 ε
1863 3084 2056 3139 deinde
2106 3088 2328 3139 crassior
2363 3104 2378 3138 :
2426 3086 2597 3138 lotura

1584 3166 1767 3237 digitis
1792 3164 2090 3217 scabritiem
2115 3165 2324 3217 exemit.
2357 3190 2379 3211 ι
2411 3164 2478 3217 Η.

1665 3248 1714 3296 6.
1777 3243 1962 3312 Digitis
2033 3244 2300 3296 scabritiem
2363 3254 2592 3294 exterum.

1586 3324 1831 3387 Quatuor
1859 3322 2058 3385 nostri,
2087 3334 2146 3373 ut
2171 3323 2401 3373 Pintian.
2424 3322 2596 3374 scabri·

1589 3404 1651 3454 tic
1671 3410 2004 3453 acer-mitetur.
2033 3398 2216 3452 Gnon.

1665 3500 1719 3550 7.
1747 3480 1978 3549 Collyrie's
1997 3481 2236 3531 oculorum
2250 3482 2444 3530 nimium
2460 3480 2600 3547 vigi·

1587 3560 1664 3613 liis
1709 3560 2034 3630 fatigatorum
2079 3572 2195 3628 apta
2237 3568 2442 3627 putatur
2483 3548 2602 3646 (sic

1586 3632 1800 3710 prius).
1848 3636 2142 3707 scollyriis
2179 3637 2455 3689 oculorum
2502 3634 2602 3685 mi-

1585 3736 1687 3770 nus
1728 3718 1871 3770 utilis
1915 3730 2188 3786 putatur,»
2227 3716 2281 3766 in
2311 3715 2601 3781 archetypo

1587 3808 1770 3850 nostro
1801 3819 1812 3846 ε
1849 3808 2033 3849 caetera
2056 3792 2399 3865 superfluunt.
2438 3792 2598 3842 Purr.

1667 3876 1721 3928 8.
1775 3876 1861 3927 Fit
1895 3888 1944 3926 et
1987 3878 2037 3925 in
2080 3876 2268 3943 argenti
2293 3869 2605 3938 fornacibus.

1591 3954 1832 4025 Aut-ique
1856 3966 1906 4006 et
1927 3952 2148 4023 plumbi.
2173 3952 2350 4004 Diosc.
2383 3952 2520 4002 Du..
