2975 4684
464 429 596 502 ¹72

1000 407 1079 474 C.
1126 406 1461 476 PLINII
1511 409 1730 478 NAT.
1775 408 2032 477 HIST.

458 538 736 610 Catulus
786 540 849 606 in
890 536 1121 606 eadem
1178 539 1317 610 aede
1350 541 1566 634 posuit
1597 539 1911 634 palliata:
1951 555 2022 609 et
2050 538 2332 608 alterum
2364 538 2582 608 colos-

456 647 677 718 sicon’
680 633 1060 712 ³:nudum
1104 647 1491 740 primusque
1539 639 1802 716 artem²⁴
1841 648 2208 716 toreuticen
2234 649 2585 742 aperuisse

454 767 649 844 atque
686 747 1175 880 demonstrasse
1208 755 1443 822 merito
1466 751 1822 845 judicatur.

557 843 997 946 Polycletus²5
1042 857 1387 977 Sicyonius
1428 857 1734 990 Agfladae
1785 855 2182 953 discipulus,
2219 857 2580 927 Diadume-

448 985 607 1029 num
656 959 812 1029 fecit
851 959 1137 1031 molliter
1183 965 1540 1056 juvenem²
1545 953 1594 1048 ⁶,
1645 977 1912 1033 centum
1966 963 2228 1034 talentis
2273 946 2582 1032 nobilita-

448 1144 605 1224 tur),
636 1173 761 1208 nam
804 1156 945 1210 valet
990 1154 1057 1210 nd
1095 1173 1281 1208 omnes
1322 1154 1472 1222 dies;

450 1235 535 1288 vel
585 1236 923 1308 Respiciens,
966 1233 1035 1290 ad
1082 1253 1239 1306 opem
1298 1235 1469 1288 feren·

452 1313 578 1368 dam
622 1333 639 1369 ε
687 1316 773 1369 vel
820 1315 983 1382 Fors,
1023 1327 1167 1368 θαι.-
1215 1313 1471 1368 Omnium

456 1396 601 1448 enim
642 1393 875 1460 dierum,
916 1394 1109 1448 nedum
1148 1394 1331 1459 unius,
1381 1412 1473 1446 seu

458 1489 600 1530 certe
622 1475 871 1546 alicujus,
892 1475 1002 1527 sive
1032 1473 1190 1542 hujus
1218 1486 1306 1525 aut
1335 1471 1476 1526 illius

460 1554 570 1608 diei
596 1555 881 1608 Fortunam
916 1551 1215 1622 hujusmodi
1244 1553 1477 1623 appella·

460 1635 607 1688 tione
648 1633 843 1705 signari
888 1633 1074 1686 Cicero
1128 1630 1332 1703 liquido
1380 1629 1477 1683 de-

462 1725 749 1775 monstrat,
772 1724 989 1782 propter
1009 1729 1121 1762 eam
1146 1751 1161 1774 ‚
1193 1729 1353 1782 quam
1383 1709 1476 1763 ad-

459 1792 631 1863 jungit
674 1791 931 1843 rationem
964 1809 981 1844 z
1027 1815 1049 1836 ι
1076 1789 1211 1842 Nam
1249 1791 1389 1843 valet
1423 1789 1478 1842 in

462 1888 648 1923 omnes
671 1869 800 1922 dies.
833 1894 854 1916 ι
888 1868 1021 1932 Quae
1050 1869 1187 1922 ratio
1214 1889 1324 1923 non
1356 1887 1480 1922 con—

463 1960 654 2013 staret,
689 1949 733 2000 si
772 1947 839 2000 ad
881 1967 1050 2000 unum
1078 1949 1307 2020 aliquem
1337 1949 1479 2002 diem

462 2029 575 2100 ejus
620 2026 852 2080 numinis
887 2039 1120 2097 potestas
1161 2042 1479 2096 arctaretur,

462 2119 517 2160 et
548 2120 652 2160 tam
690 2107 921 2178 angustis
956 2106 1217 2160 limitibus
1252 2109 1480 2160 circum-

464 2187 801 2242 scriberetur.
838 2187 971 2240 Sane
1004 2188 1143 2239 hanc
1192 2187 1299 2240 vim
1338 2189 1481 2242 vocis

466 2271 581 2340 ejus
607 2268 982 2338 esse,lmjusque
998 2305 1013 2330 ,
1038 2278 1097 2318 ut
1122 2269 1484 2340 uniuscujusque

466 2349 747 2420 significet,
794 2344 977 2398 docuit
1020 2343 1225 2399 dudum
1284 2347 1486 2400 Marius

468 2428 779 2482 Victorinus
794 2425 945 2488 Afer,
971 2423 1040 2478 de
1065 2425 1485 2498 orthographia,

466 2511 615 2579 cujus
634 2505 791 2558 verba
814 2503 1035 2558 recitare
1050 2523 1225 2576 operae
1249 2506 1483 2578 pretium

468 2587 663 2639 fuerit:
698 2607 719 2628 ι
741 2585 809 2637 Et
848 2583 1096 2656 hujusce.
1130 2597 1183 2638 et
1220 2587 1485 2657 hujusque

466 2677 607 2718 recte
632 2663 950 2729 scribuntur,
970 2662 1061 2717 sed
1084 2683 1181 2718 suo
1202 2665 1321 2718 loco
1345 2679 1487 2719 utra·

466 2761 586 2816 que.
640 2744 775 2796 Nam
816 2745 883 2796 ab
926 2743 1092 2796 hocce
1139 2743 1198 2798 fit
1244 2745 1481 2815 hujusce.

466 2824 745 2894 Hujusque
772 2836 950 2876 autem
1002 2821 1145 2876 aliud
1197 2823 1484 2896 significat,

466 2900 522 2955 id
583 2914 695 2967 est,
754 2903 1195 2974 uniuscujusque.
1239 2930 1261 2951 n
1328 2902 1487 2974 Apud

468 2983 526 3035 P.
550 2981 827 3034 Victorem
846 3021 861 3048 ,
888 2983 945 3034 in
985 2981 1346 3055 descriptione
1384 2983 1489 3035 Ur·

466 3061 576 3125 bis,
639 3062 860 3132 regione
930 3061 1164 3128 decima,
1220 3063 1485 3134 legimus,

466 3157 616 3192 πονε
642 3159 901 3204 custvn
940 3159 1098 3208 mu,
1138 3141 1283 3196 haud
1319 3140 1489 3196 dubie

466 3237 565 3290 pro
616 3239 765 3274 πονε
821 3239 1088 3284 uvtvsqu
1150 3241 1293 3276 mm.
1348 3223 1487 3275 Nam

468 3301 771 3370 complures
804 3301 949 3354 urbis
978 3303 1160 3355 Romae
1187 3303 1331 3355 vicos
1362 3321 1391 3354 a
1418 3301 1483 3353 fl-

464 3379 669 3432 nitimis
732 3381 977 3433 Fortunae
1033 3382 1240 3452 templis
1288 3399 1487 3434 nomen

466 3459 679 3512 traxisse
713 3479 776 3512 ex
823 3460 883 3512 Ρ.
906 3459 1127 3514 Victore
1168 3461 1355 3533 liquet.
1399 3461 1489 3514 Sic

468 3537 715 3592 Fortuna
735 3539 1093 3610 Obsequentis
1118 3540 1291 3593 vicum
1312 3540 1366 3591 in
1382 3539 1492 3610 pri·

466 3637 553 3672 ma
602 3620 818 3691 regione
864 3621 1075 3672 statuitt
1105 3619 1487 3691 Respicientis,

468 3699 525 3752 in
563 3697 797 3764 decima,
834 3699 1071 3770 aliosque
1106 3699 1233 3752 alibi
1266 3717 1280 3752 ε
1322 3699 1488 3752 hunc·

467 3798 573 3850 que
614 3780 785 3851 ipsum
826 3779 1001 3832 locum
1049 3779 1368 3851 onuphrius
1412 3779 1488 3832 sic

470 3857 667 3921 edidit,
711 3879 773 3912 ex
817 3859 971 3912 MSS.
1012 3877 1177 3912 πονε.
1218 3877 1484 3921 uvtstvn.

470 3955 615 3992 nm.
668 3957 823 3992 ron-r.
877 3957 1001 3992 nn.
1046 3939 1181 4003 Qua».
1220 3951 1485 4010 postrema

470 4018 629 4071 verba
674 4017 837 4072 odem
880 4019 1128 4074 Fortunat
1169 4017 1481 4090 significant.
1501 4075 1516 4080 ,

1563 1156 1728 1208 Multa
1786 1175 1848 1208 ex
1903 1156 1987 1208 his
2028 1153 2286 1208 delibavit
2321 1167 2444 1208 ante
2488 1173 2587 1206 nos

1561 1235 1791 1287 Brisson.
1823 1235 1889 1288 de
1930 1237 2104 1288 Fortu.
2143 1235 2200 1298 1,
2229 1253 2349 1306 pag.
2397 1233 2485 1288 52.
2517 1235 2586 1287 In

1560 1313 1994 1387 inscriptionibus
2041 1327 2219 1368 tamen
2269 1311 2542 1367 interdum
2563 1354 2580 1378 ‚

1563 1407 1620 1446 ut
1640 1393 1786 1465 apud
1817 1394 2142 1458 Reinesium,
2165 1414 2221 1466 p.
2243 1395 2355 1464 398
2378 1411 2392 1445 :
2425 1409 2583 1446 Λκτι-

1562 1491 1753 1526 snrsss.
1801 1493 2022 1527 κηποι
2060 1493 2182 1528 noct
2221 1491 2324 1544 pro
2359 1473 2587 1544 hujusque

1563 1551 1660 1604 loci
1683 1554 1924 1624 legimus.
1948 1553 2127 1607 Hsnn.

1650 1633 1742 1686 23.
1776 1633 2068 1687 colossicon.
2118 1635 2200 1686 Ita
2224 1631 2381 1686 MSS.
2410 1629 2586 1686 Credo

1565 1709 1708 1764 idem
1743 1731 1853 1766 esse
1887 1711 2033 1784 quod
2063 1714 2376 1766 colosseum.
2403 1711 2586 1763 Hnm.

1653 1813 1680 1844 2
1693 1798 1744 1854 4.
1791 1792 2074 1864 Primusque
2125 1805 2274 1844 artem
2331 1795 2588 1843 toreuticen

1567 1875 1824 1940 aperuisse.
1873 1873 2266 1925 Consummatae
2317 1870 2588 1941 perfectu·

1567 1969 1675 2022 que
1700 1955 1807 2020 jam
1834 1952 1963 2004 artis
1985 1953 2245 2004 rationem
2272 1960 2588 2001 monstrasse

1567 2031 1831 2101 intellige,
1860 2047 1979 2102 quae
2017 2030 2165 2100 prius
2198 2041 2312 2082 erat
2342 2027 2590 2080 inchoata

1569 2121 1774 2162 tantum
1803 2123 1856 2162 et
1893 2107 2043 2162 rudis
2071 2126 2084 2160 ε
2126 2126 2248 2160 nam
2281 2109 2556 2159 Anacreon
2575 2144 2590 2168 ‚

1568 2189 1659 2260 qui
1733 2187 2063 2261 Olympiade
2130 2205 2282 2241 mxu
2348 2185 2586 2255 ponitur,

1569 2269 1674 2321 hoe
1714 2283 1818 2334 est,
1859 2279 1980 2322 ante
2021 2266 2265 2320 Phidiam
2295 2265 2449 2318 annis
2479 2264 2590 2316 fere

1575 2368 1664 2416 90,
1709 2351 1986 2419 τορευτικῆς
2041 2337 2310 2411 meminit',
2367 2343 2591 2414 fierique

1570 2427 1669 2482 sibi
1701 2427 1934 2499 postulat
1961 2446 1990 2480 a
2017 2425 2261 2480 Vulcano
2301 2424 2556 2495 poculum
2573 2461 2589 2487 ,

1572 2509 1626 2559 in
1667 2526 1777 2579 quo
1817 2526 1917 2560 nec
1953 2524 2101 2558 arma
2140 2506 2276 2570 sint,
2313 2523 2412 2557 nec
2456 2515 2592 2556 astra

1571 2587 1781 2652 caelata,
1821 2584 1913 2639 sed
1957 2584 2158 2638 vitibus
2200 2603 2316 2636 uvae
2355 2583 2594 2645 inserte,

1571 2678 1670 2719 etc.
1687 2667 1754 2718 H.
1787 2697 1866 2708 —-
1893 2665 2062 2718 Artem
2091 2667 2348 2717 toreuticen
2380 2666 2592 2734 aperuis-

1571 2766 1650 2812 se,
1679 2758 1778 2798 etc.
1804 2746 1908 2798 Ars
1937 2745 2196 2798 toreutice
2215 2785 2229 2809 ,
2257 2745 2379 2795 l'art
2400 2743 2465 2795 du
2484 2743 2595 2808 kiu-

1573 2826 1724 2892 mlies.
1777 2825 1896 2877 Jarn
1952 2825 2125 2877 fuerat
2167 2837 2219 2877 et
2266 2824 2435 2876 multo
2476 2831 2596 2876 ante

1578 2904 1826 2958 Phidiam
1855 2904 2143 2971 toreutice;
2186 2915 2238 2956 at
2272 2921 2385 2956 eam
2414 2901 2596 2972 exqui-

1574 2985 1755 3039 sitiore
1782 2997 1894 3037 arte
1919 2985 2126 3054 aperuit
2147 2995 2198 3036 et
2214 2979 2598 3035 demonstravit

1575 3063 1809 3117 Phidias.
1838 3063 1924 3116 Sic
1950 3064 2104 3116 multi
2138 3063 2444 3116 exstiterant
2466 3057 2600 3112 scul-

1575 3157 1754 3216 ptores
1777 3183 1794 3208 .‚
1819 3155 1872 3196 et
1913 3153 2086 3195 tamen
2115 3143 2397 3214 sculpturae
2429 3152 2621 3192 artem·

1577 3224 1783 3294 aperuit
1835 3235 1888 3275 et
1943 3221 2326 3276 demonstravit
2372 3217 2596 3272 Michnel

1577 3303 1832 3374 Angelus.
1877 3303 2046 3355 Bnor.

1661 3383 1749 3435 25.
1781 3382 2073 3454 Poiycletus.
2107 3383 2428 3438 Πολῦκλιιτος
2461 3376 2597 3428 Pau-

1576 3461 1762 3526 anniae,
1784 3461 2114 3533 caeterisque.
2138 3459 2318 3511 Hnn.

1660 3548 1746 3594 26.
1782 3541 2136 3593 Diadumenum
2147 3539 2277 3606 jecit
2295 3535 2501 3588 molliter
2513 3536 2600 3603 Ju-

1581 3641 1752 3674 oenem.
1777 3621 2088 3684 Mitratum,
2110 3619 2389 3680 vittatum,
2419 3613 2599 3667 fascia-

1578 3713 1690 3753 tum
1721 3700 2002 3772 intelligit,
2031 3699 2210 3771 quales
2235 3697 2449 3748 fuerunt
2479 3693 2604 3746 Per-

1577 3799 1754 3833 nrum
1797 3779 2036 3842 nobiles,
2091 3779 2188 3830 ἀπὸ
2223 3781 2308 3828 τοῦ
2345 3768 2602 3828 &nactam

1577 3863 1664 3919 τὴν
1703 3861 1910 3930 κιφαὶὴν
1949 3859 2116 3930 μίτρᾳ.
2152 3851 2386 3919 Quidam
2420 3853 2604 3926 legunt

1576 3939 1984 3994 Diadcmumenon
2003 3977 2018 4000 ,
2051 3932 2108 3988 id
2134 3946 2242 3998 est,
2270 3931 2568 3986 diademate
2585 3974 2600 3994 ,

1575 4020 1684 4072 sive
1723 4020 1871 4091 regio
1903 4016 2090 4089 eapitis
2119 4013 2314 4084 insigni
2338 4025 2603 4068 ornatum.
