2975 4684
1044 395 1351 464 LIBER
1400 395 1804 464 xxxvn.
2346 393 2482 494 597

304 591 319 608 ,
366 521 621 590 tinacia.
662 523 962 618 Quippe,
1000 526 1195 594 etiam
1251 527 1303 594 si
1358 550 1495 596 non
1533 525 1847 595 electrum
1883 526 1950 594 id
1995 539 2200 613 esset,
2253 525 2488 621 l'yncu-

365 627 535 694 rium
582 641 803 696 tamen
850 655 1178 724 gemmam
1228 655 1369 700 esse
1411 629 1886 700 contendunt¹.
1931 633 2101 700 Fieri
2141 647 2363 702 autem
2403 630 2515 705 ex'

362 733 557 800 urina
596 735 859 827 quidem
902 733 1167 830 lyncis²,
1216 736 1329 806 sed
1368 751 1660 831 egestam
1705 749 1881 804 terra
1927 739 2230 856 protinus
2274 739 2486 808 bestia

364 838 699 930 operiente
722 863 867 909 eam
888 844 1253 935 ,quoniam
1288 842 1580 910 invideat
1616 842 1958 911 hominum
1987 845 2151 911 usui.
2179 845 2342 914 Esse
2369 868 2483 914 au·
2527 889 2546 906 ι

361 955 497 1010 tem
527 944 843 1038 qualem'
824 973 895 1014 ιιι
932 948 1139 1041 igneis
1176 949 1498 1032 succinis,
1541 931 1868 1016 colorem³
1873 937 2305 1042 ,scalpique⁴.
2341 953 2486 1021 Nee

362 1045 519 1118 folia
561 1061 819 1121 tantum
854 1067 971 1121 aut
1019 1067 1373 1122 stramenta
1413 1001 1502 1121 ad
1537 1077 1608 1121 se
1641 1075 1906 1146 rapere,
1951 1053 2066 1122 sed
2105 1055 2251 1123 aeris
2289 1057 2492 1124 etiam

368 1175 446 1222 ac
478 1142 673 1223 ferri⁵
710 1155 1019 1244 laminas,
1064 1157 1243 1252 quod
1282 1157 1548 1228 Diocles
1585 1157 1848 1253 quidem
1889 1171 1957 1226 et
1989 1157 2494 1279 Theophrastus

364 1245 633 1328 credit⁶.
688 1265 833 1356 Ego
887 1262 1123 1332 falsum
1161 1263 1266 1332 id⁷
1327 1277 1538 1333 totum
1602 1261 1925 1348 arbitror,
1975 1287 2101 1332 nec
2153 1265 2364 1332 visam
2418 1267 2486 1333 in

362 1386 506 1431 aevo
552 1381 781 1436 nostro
822 1391 1151 1460 gemmam
1192 1366 1392 1436 ullam
1435 1393 1514 1438 ea
1556 1366 2042 1497 appellatione.
2083 1382 2150 1436 et
2188 1367 2368 1462 quod
2404 1370 2490 1438 de

362 1466 689 1538 medicina
728 1469 921 1539 simul
965 1472 1289 1590 proditur,
1322 1471 1612 1542 calculos
1659 1459 1930 1542 vesicae⁸
1973 1497 2053 1541 eo
2095 1487 2257 1566 poto
2303 1470 2490 1560 elidi,

363 1584 430 1639 et
464 1574 699 1642 morbo
731 1577 913 1669 regio
944 1579 1237 1664 occurri,
1267 1579 1321 1646 si
1350 1603 1433 1646 ex
1458 1579 1617 1646 vino
1639 1577 1926 1665 bibatur,
1952 1592 2070 1647 aut
2095 1579 2150 1647 si
2185 1591 2490 1671 portetur

374 1678 591 1746 etiam.

466 1786 651 1853 XIV.
702 1787 901 1856 Nunc
960 1775 1371 1881 gemmarum
1418 1788 1721 1858 confessa
1773 1813 2016 1883 genera
2059 1788 2389 1877 dicemus,
2448 1813 2488 1857 a
2527 1831 2552 1865 1

366 1886 829 1960 laudatissimis
864 1895 1014 1961 orsi.
1044 1897 1183 1962 Nec
1218 1918 1377 1962 vero
1410 1892 1479 1961 id
1517 1893 1728 1962 solum
1761 1917 2070 1988 agemuS,
2100 1895 2215 1964 sed
2241 1893 2329 1963 ad
2363 1918 2492 1963 ma·

439 2033 591 2084 xm.
642 2051 663 2084 ι
679 2071 693 2084 .
728 2033 1015 2104 [quendum
1054 2046 1210 2086 tamen
1237 2053 1375 2102 gem·

363 2129 487 2161 mam
528 2131 627 2162 essa
668 2113 979 2166 contendunt:
996 2114 1123 2166 Hac
1152 2111 1373 2166 totidem

360 2189 539 2242 verbis
565 2189 809 2253 Solinus,
842 2210 957 2261 cap.
992 2211 1067 2256 ιι,
1098 2210 1153 2262 p.
1190 2190 1285 2256 15,
1314 2211 1376 2245 ac

360 2285 460 2338 pro
497 2269 635 2320 veris
665 2269 867 2322 babuit.
904 2271 1038 2322 Item
1066 2282 1249 2324 auctor
1280 2271 1374 2323 xi·

360 2344 635 2412 ranidnm,
656 2365 711 2416 p.
743 2347 990 2409 42.Vide
1010 2366 1128 2418 qun
1160 2348 1229 2402 de
1262 2350 1377 2419 lyn-

366 2425 516 2477 curio
542 2423 681 2478 dicta
702 2439 855 2488 sunt,
877 2426 971 2478 lib.
1003 2427 1165 2490 VIII,
1204 2445 1252 2481 c.
1280 2428 1375 2496 57.

360 2503 539 2556 Han.
580 2535 660 2546 --
700 2506 1003 2576 [queue-item.
1048 2505 1377 2576 Lyncurium

361 2601 585 2653 gemmas
607 2601 805 2653 genus„
816 2583 1018 2638 dictum
1046 2585 1377 2639 Recentiori-

362 2661 494 2727 bus,
515 2665 807 2716 tom-malim.
832 2665 939 2716 En.

448 2758 502 2792 π.
525 2741 611 2791 Ea·
630 2745 769 2794 urim
786 2743 916 2812 quid.
938 2743 1118 2814 (racis,
1138 2743 1225 2795 sed
1240 2761 1320 2810 ag.
1338 2753 1373 2794 t.

356 2821 579 2886 protinus
608 2821 761 2871 bestia
788 2825 1040 2889 operiente,
1061 2833 1161 2874 etc.
1182 2821 1263 2872 De
1280 2819 1377 2872 hnc

363 2895 489 2950 falsa
522 2897 727 2966 origine
759 2899 1017 2969 lyncurii,
1049 2900 1157 2968 jam
1188 2897 1379 2950 Noster

364 2992 523 3046 supra
551 2973 709 3035 dixit.
732 2977 987 3043 lib.V111,
1004 2995 1121 3046 cap.
1152 2975 1243 3046 57.
1268 2977 1375 3028 En.

450 3055 502 3108 3.
535 3056 739 3123 Qualem
766 3058 815 3107 in
831 3058 981 3125 igneis
1002 3059 1223 3122 succinis,
1250 3057 1379 3108 colo·

366 3152 481 3186 rem.
510 3134 808 3205 Lyncurius
846 3135 937 3188 ille
968 3135 1129 3205 lapis,
1156 3135 1206 3186 la
1222 3136 1381 3204 piem

366 3212 426 3264 de
455 3213 571 3282 lynx
584 3251 602 3278 ,
629 3226 707 3266 est
739 3213 915 3266 colore
942 3214 1285 3284 hyacinthino
1308 3211 1377 3266 ad

364 3292 649 3362 puniceum
666 3291 967 3358 inclinante,
980 3294 1091 3346 sine
1100 3293 1205 3345 ulla
1220 3292 1383 3363 nigri-

364 3370 568 3425 tudinis
596 3373 819 3424 mixtura
835 3409 851 3437 ,
890 3373 1141 3444 hyaea'ueke
1161 3373 1211 3423 la
1232 3372 1381 3436 belle,

366 3450 427 3502 de
452 3451 644 3502 couleur
677 3470 847 3502 aas-ore
874 3472 937 3504 au
962 3455 1167 3520 orangda
1181 3489 1197 3511 ,
1230 3455 1380 3502 tie-ane

366 3549 451 3580 sm·
478 3529 521 3581 le
538 3549 771 3600 ponceau.
794 3531 961 3582 Bnor.
996 3563 1074 3572 —
1105 3530 1191 3584 Cf.
1217 3530 1379 3600 paulo

367 3625 485 3677 sup.
510 3622 622 3662 not.
648 3627 697 3661 1.
726 3609 829 3662 En.

451 3687 777 3759 4-5ca4m'que.
800 3687 921 3740 Non
944 3687 1107 3759 scalpi
1138 3685 1381 3758 quidem,

368 3763 463 3818 sed
502 3765 793 3837 scalpendis
838 3766 1058 3838 gemmis
1105 3784 1221 3820 eam
1272 3783 1383 3819 esse

369 3841 615 3896 idoneam
656 3843 893 3916 prodidit
937 3845 1123 3908 Phile,
1172 3846 1265 3897 lib.
1317 3841 1386 3896 de

370 3921 559 3992 Propr.
600 3925 775 3976 Anim.
807 3943 929 3997 pag.
962 3931 1063 3980 108
1098 3945 1111 3975 :
1141 3919 1293 3994 Οὖρον
1324 3921 1385 3976 δᾶ

372 4003 544 4074 λυγγὸς
569 4003 880 4072 ἱκτραχυνθὲν
913 4005 981 4065 εἰς
1005 4005 1153 4068 λίθον,
1182 4003 1386 4074 Στιῤῥός

1460 2034 1538 2095 τίς
1580 2037 1712 2087 ἐστιν
1747 2035 1983 2104 ἅγκοπῶς
2019 2037 2137 2103 πρὸς
2176 2035 2288 2096 τοὺς
2309 2035 2485 2095 λίθους.

1462 2111 1643 2165 ΗΑιιῐι.

1547 2191 1600 2244 5.
1624 2189 1728 2244 Sed
1753 2195 1865 2242 oeris
1889 2193 2036 2242 etiam
2063 2190 2284 2258 afferri.
2323 2189 2488 2256 Quod

1461 2269 1764 2342 lyncurium
1803 2269 1843 2321 ii
1864 2269 2064 2322 scilicet
2089 2269 2342 2322 electrum
2375 2287 2486 2323 ecee

1464 2349 1860 2402 arbitrarentur.
1915 2349 2052 2402 Nam
2111 2349 2329 2401 succino
2373 2349 2485 2401 vim

1463 2445 1580 2479 eam
1620 2427 1788 2480 inesse
1829 2427 1994 2497 paulo
2047 2438 2209 2479 anteat
2237 2425 2484 2479 diximus.

1464 2502 1587 2557 Hoc
1617 2503 1840 2557 totidem
1889 2505 2064 2558 verbio
2117 2503 2262 2575 apud
2301 2505 2486 2557 Theo-

1464 2583 1740 2654 phrastum
1765 2583 2032 2652 leguntur,
2059 2583 2155 2638 lib.
2177 2583 2289 2654 περὶ
2321 2585 2484 2650 λίθων,

1464 2680 1522 2732 p.
1556 2665 1611 2716 6.
1641 2661 1822 2712 Han.

1549 2743 1600 2792 6.
1627 2739 1980 2806 Theophrastus
1999 2739 2168 2792 credit.
2191 2741 2276 2792 De
2291 2737 2482 2810 Lepid.

1464 2837 1580 2888 cap.
1617 2819 1702 2870 50.
1741 2815 1910 2869 Gron.
1943 2829 1996 2870 et
2027 2818 2108 2870 At.
2156 2831 2276 2870 ante
2313 2818 2482 2872 nard.

1466 2896 1690 2950 credidit.
1713 2893 1816 2948 Eu.

1549 2995 1600 3046 7.
1621 2975 1926 3044 Egofalmm
1953 2971 2021 3024 id.
2044 2973 2254 3026 Falsum
2279 2973 2336 3026 id
2356 2991 2489 3046 quo-

1466 3073 1572 3127 que
1596 3051 1893 3106 Dioscorid.
1927 3052 2237 3118 arbitratur,
2265 3051 2362 3107 lib.
2396 3053 2454 3105 11
2471 3091 2488 3121 ,

1471 3153 1591 3205 cap.
1654 3150 1772 3186 too.
1818 3131 1886 3184 Η.
1935 3161 2014 3174 -
2053 3129 2301 3185 Gemmam
2335 3133 2486 3185 ullam

1465 3233 1524 3265 ea
1549 3211 1882 3282 appellatione.
1902 3210 2108 3281 Nempe
2119 3223 2314 3264 mutata
2337 3223 2487 3264 erant

1467 3305 1734 3362 tempor-³3
1774 3303 1827 3343 et
1858 3287 2184 3342 Dioscoridis
2221 3289 2486 3360 Pliniique

1468 3382 1637 3434 etate,
1674 3369 1904 3438 lyncurii
1932 3366 2000 3421 nd
2031 3369 2248 3422 succina
2284 3369 2484 3420 refere-

1469 3449 1685 3503 bantur.
1711 3449 1872 3500 Bnot.

1551 3531 1604 3582 8.
1630 3527 1854 3580 Calauios
1875 3530 2062 3578 wsicoe.
2095 3523 2236 3578 Vide
2257 3539 2378 3594 qun
2399 3519 2484 3574 di-

1468 3621 1550 3661 cta
1577 3620 1701 3659 sunt
1728 3606 1826 3658 lib.
1856 3605 2127 3668 XXVIII,
2149 3621 2267 3672 cap.
2300 3601 2390 3652 32.
2415 3600 2484 3654 Η.

1468 3716 1551 3728 ·-
1581 3685 1808 3740 calcatos
1845 3685 2017 3734 anesim
2034 3718 2053 3744 ‚
2093 3692 2194 3733 etc.
2223 3678 2376 3732 Idem
2415 3677 2486 3731 de

1474 3764 1720 3834 crystallo
1756 3761 1998 3834 perhibet
2021 3757 2303 3829 Terzngius
2320 3795 2336 3820 ,
2363 3757 2486 3809 Mu·

1475 3862 1630 3898 seum
1654 3841 2044 3912 Septalianum,
2068 3855 2186 3907 pag.
2221 3839 2312 3889 26.
2333 3836 2490 3890 Nunc

1475 3921 1672 3976 medici
1713 3921 1770 3974 in
1812 3915 2080 3989 lapidibus
2125 3913 2326 3968 nullam
2381 3915 2488 3968 vim

1476 4000 1736 4056 medicum
1755 4005 2066 4069 agnoscunt.
2087 3994 2186 4046 Ba.
