2975 4684
1097 439 1415 506 LIBER
1464 435 1825 534 XXXIV.

382 567 543 639 feeit
564 572 851 638 Martem
880 584 947 638 et
985 571 1433 657 Mercurium,
1464 572 1578 664 qui
1619 584 1772 640 sunt
1807 571 1876 638 in
1915 567 2312 638 Concordiae
2347 583 2507 638 tem-

380 673 497 768 plo
537 679 789 744 Romae.
836 662 1185 744 Perillum⁶
1236 701 1435 746 nemo
1482 676 1708 745 laudat
1773 675 2110 744 saeviorem
2155 673 2506 744 Phalaride

382 794 703 872 tyranne,
774 783 881 850 cui
934 795 1196 850 taurum
1258 783 1454 867 fecit,
1510 785 1798 877 mugitus
1850 781 2132 849 hominis
2172 779 2505 874 pollicitus

378 887 530 978 igne
558 885 818 967 subdito
844 940 864 973 ‚
896 901 962 955 et
992 889 1239 981 primus
1274 913 1425 957 eum
1456 903 1764 983 expertus
1801 889 2192 972 cruciatum,
2226 887 2504 978 justiore

381 995 743 1061 saevitia.1n
768 992 896 1062 hoc
912 1017 951 1061 a
976 993 1335 1063 simulacris
1356 993 1554 1062 deum
1575 994 2050 1084 hominumque
2066 991 2503 1061 devocaverat

379 1096 911 1168 humanissimam
952 1113 1180 1168 artem.
1216 1099 1463 1169 Ideone
1495 1115 1594 1169 tot
1625 1099 1998 1170 conditores
2034 1097 2172 1188 ejus
2207 1096 2498 1167 elabora-

380 1219 641 1288 verant,
678 1219 753 1274 ut
786 1231 869 1274 ex
900 1229 977 1272 ea
1018 1220 1345 1274 tormenta
1393 1205 1672 1275 fierent?
1711 1209 1944 1296 Itaque
2000 1225 2134 1269 una
2175 1201 2256 1270 de
2301 1227 2498 1272 causa

380 1324 723 1378 servantur
790 1335 997 1404 opera
1067 1312 1206 1403 ejus
1230 1364 1248 1396 ,
1294 1325 1368 1378 ut
1433 1314 1728 1404 quisquis
1792 1308 1900 1378 illa
1955 1305 2214 1390 videat,
2289 1307 2503 1376 oderit

378 1437 634 1482 manus.

480 1518 773 1588 Sthenis⁷
822 1522 1135 1587 Cererem
1158 1571 1176 1604 ‚
1212 1521 1479 1600 Jovem,
1525 1522 1895 1587 Minervam
1941 1517 2127 1603 fecit,
2182 1517 2295 1609 qui
2352 1531 2502 1585 sunt
2537 1541 2604 1598 4ο

376 1625 615 1691 Romae
652 1626 721 1691 in
764 1621 1157 1692 concordiae
1206 1623 1473 1717 templo.
1529 1625 1714 1692 Idem
1757 1625 1986 1692 flentes
2029 1637 2398 1702 matronas,
2435 1635 2502 1690 et

376 1728 729 1796 adorantes
754 1781 771 1813 ‚
832 1727 1421 1822 sacrificantesque.
1484 1731 1712 1799 Simon
1734 1715 1756 1752 ⁸
1817 1752 2046 1797 canem
2111 1740 2180 1796 et
2235 1729 2500 1821 sagitta·

369 1835 545 1900 rium
580 1832 757 1902 fecit.
796 1833 1249 1903 Stratonicus⁹
1294 1835 1560 1904 caelator
1593 1834 1702 1903 ille
1737 1833 2166 1928 philosophos
2200 1853 2217 1895 t
2253 1835 2499 1927 Scopas

368 1935 729 2031 utraque¹⁰.

474 2043 769 2112 Athletas
806 2059 1063 2131 autem,
1108 2060 1172 2114 et
1221 2061 1510 2115 armatos
1535 2096 1554 2128 ,
1610 2059 1678 2114 et
1717 2051 2095 2128 venatoreS,
2135 2043 2500 2114 sacrifican-

369 2164 636 2244 tesque,
670 2149 1011 2238 Batton¹¹,
1045 2152 1327 2238 Euchir‚
1370 2151 1722 2222 Glaucides
1746 2205 1764 2238 ,
1825 2149 2221 2220 Heliodorus
2243 2203 2262 2234 ‚
2308 2152 2496 2219 Hica·

2367 459 2494 505 201

452 2327 501 2376 6.
542 2323 790 2377 Pet-illum.
823 2325 1057 2395 Περίλαον
1090 2325 1264 2378 Graeci
1298 2345 1391 2377 vo-

372 2415 510 2458 cant.
554 2401 696 2456 Vide
749 2403 973 2456 Diodor.
1024 2405 1079 2456 in
1134 2405 1387 2475 Excerpt.

1567 2345 1651 2380 to.
1686 2325 1868 2396 Scopas
1899 2338 2118 2396 utraque.
2165 2323 2282 2375 Hoc
2312 2335 2415 2386 est,
2446 2335 2500 2376 et

1474 2403 1731 2467 Simonis,
1765 2417 1818 2457 et
1849 2402 2134 2456 Stratonici
2165 2421 2328 2472 opera
2357 2400 2498 2455 fudit

372 2499 494 2552 pag.
527 2481 650 2545 345.
676 2483 1015 2535 Atheniensis
1042 2483 1157 2536 fuit.
1187 2485 1390 2538 Cetera

374 2557 444 2613 de
466 2579 529 2613 eo
562 2561 781 2632 vulgata.
807 2561 946 2614 Vide
972 2562 1092 2615 val.
1120 2565 1261 2616 Max.
1286 2564 1388 2628 lx,

380 2659 433 2708 2,
447 2659 499 2710 p.
520 2647 647 2710 4²9·
666 2639 828 2693 Ovid.
849 2639 917 2694 de
936 2641 1071 2694 Arte
1092 2640 1321 2704 amandi,
1340 2643 1388 2708 1,

373 2737 423 2770 v.
467 2719 613 2774 655:
660 2747 682 2768 e
720 2722 786 2772 Et
816 2721 1050 2774 Phalaris
1089 2733 1243 2774 tauro
1274 2723 1391 2773 vio·

372 2797 501 2851 lenti
528 2801 761 2852 membra
798 2799 977 2852 Perilli
1002 2801 1222 2852 Terruit
1254 2817 1267 2852 ε
1304 2801 1391 2852 iu-

372 2876 495 2930 felix
539 2877 734 2928 imbuit
766 2891 949 2930 auctor
984 2897 1137 2949 opus»
1183 2905 1204 2925 ι
1248 2879 1389 2932 Con·

372 2957 568 3008 vellere
597 2955 737 3007 hanc
766 2975 925 3024 porro
960 2955 1029 3008 de
1060 2969 1212 3010 tauro
1244 2976 1391 3011 aeneo

370 3035 569 3090 famam
588 3073 603 3098 ,
640 3034 935 3105 fabulisque
965 3053 1268 3099 accensere,
1300 3054 1389 3087 co·

371 3127 554 3167 natum
606 3113 677 3166 ait
728 3113 989 3166 Timoeum
1045 3115 1353 3167 historicum
1371 3155 1387 3181 ‚

372 3192 629 3264 Polybius
647 3193 705 3244 in
726 3193 974 3264 Excerpt.
996 3213 1117 3266 pag.
1147 3194 1240 3265 59.
1268 3193 1333 3246 H.

454 3292 508 3341 7.
558 3272 768 3326 sthenes.
837 3275 997 3336 Σθένις
1063 3275 1387 3343 Autolycum

374 3350 509 3404 fudit
551 3369 613 3404 ex
664 3371 798 3417 aere,
842 3371 963 3406 eum
1013 3355 1105 3424 qui
1152 3354 1387 3423 Sinopen

376 3429 615 3483 condidit
632 3471 647 3496 ,
679 3451 707 3484 a
736 3433 961 3486 Lucullo
982 3435 1205 3486 Romam
1233 3432 1391 3485 adve-

375 3521 537 3562 ctum.
564 3511 730 3564 Testis
754 3511 1017 3565 Plutarch.
1048 3513 1103 3564 in
1132 3512 1383 3571 Lucullo,

376 3605 429 3657 p.
463 3591 584 3642 506.
614 3591 685 3642 Et
707 3608 737 3642 a
764 3591 1014 3643 Pausania
1036 3589 1303 3647 laudatur.
1328 3601 1389 3642 ut

377 3684 531 3736 supra
558 3668 804 3722 diximus.
834 3667 1019 3722 Hum-

458 3747 509 3799 8.
550 3747 732 3801 Simon.
783 3749 864 3800 De
904 3748 1119 3800 Simone
1146 3749 1387 3818 AEgineta

379 3823 583 3890 fictore,
634 3828 855 3880 Pansam.
903 3827 1065 3879 Euae.
1116 3829 1281 3898 prior.
1311 3829 1386 3894 V,

382 3919 441 3970 p.
464 3901 591 3964 341.
616 3905 793 3959 Hnm.

463 3997 513 4046 9.
528 3982 821 4038 sementem
842 3986 1057 4038 coehtor.
1080 3988 1199 4040 Jaru
1228 4005 1387 4058 supra

384 4061 686 4127 appellatus.
722 4065 899 4118 Hann.

1474 2502 1538 2536 ex
1561 2502 1681 2536 aere.
1707 2485 1868 2536 Recte
1889 2483 2149 2535 Barbarus
2177 2483 2234 2534 in
2257 2481 2498 2535 secundis

1473 2562 1906 2632 castigationibus
1947 2563 2018 2614 ita
2063 2559 2341 2626 emendat,
2392 2581 2495 2633 pro

1476 2655 1688 2714 uterque.
1713 2641 1895 2693 Haut).

1563 2739 1584 2774 1
1603 2738 1625 2772 1
1639 2761 1651 2772 .
1671 2721 1869 2782 Hauon.
1885 2722 2087 2772 Βάττων
2099 2719 2310 2789 ,Εὕχειρ,
2335 2723 2498 2773 Athe-

1472 2799 1670 2852 niensis
1693 2801 1973 2852 statuarius
1989 2836 2004 2856 ,
2035 2797 2316 2851 Eubulida
2329 2799 2387 2850 F.
2403 2817 2490 2869 ap.

1475 2879 1695 2932 Pausau.
1717 2876 1909 2931 Arcad.
1927 2878 2080 2942 vlu,
2105 2897 2157 2947 p.
2183 2885 2312 2946 479.
2337 2883 2498 2930 Γλαυ-

1474 2954 1644 3022 athe,
1687 2958 1776 3029 qui
1809 2971 1860 3010 et
1889 2959 2128 3016 Γλαυκίας
2157 2957 2314 3008 fictor
2351 2958 2498 3027 AEgi·

1472 3051 1612 3103 neta,
1631 3036 1774 3105 apud
1790 3035 2058 3096 eumdem,
2079 3035 2240 3088 Eliae.
2254 3037 2496 3106 post.VI,

1473 3134 1590 3186 pag.
1649 3117 1758 3169 360
1803 3135 1883 3186 sq.
1929 3107 2200 3184 Ἠλιόδωρος
2228 3154 2243 3179 ,
2297 3107 2462 3178 ἱκανὸς
2481 3155 2498 3182 ,

1474 3198 1642 3264 Δόφων
1662 3233 1678 3256 ,
1713 3197 1886 3247 Δύσων
1915 3195 2007 3265 qui
2031 3193 2188 3264 δημὸν
2211 3234 2226 3260 ,
2254 3193 2357 3247 hoe
2383 3210 2459 3249 est
2479 3235 2496 3262 ,

1474 3274 1736 3344 populum
1771 3275 2146 3326 Atheniensem
2173 3274 2327 3327 finxit
2355 3292 2369 3327 ε
2409 3295 2502 3328 au-

1472 3365 1590 3405 ctor
1619 3353 1914 3429 ⁴Pausanias
1934 3391 1950 3418 ,
1978 3355 2139 3406 Attic.
2168 3355 2194 3405 1
2217 3391 2232 3417 ,
2279 3373 2397 3425 pag.
2442 3359 2496 3408 6.

1474 3433 1642 3496 Δίων,
1680 3428 1968 3504 Μινόδωρος
2003 3434 2370 3496 Atheniensis,
2404 3434 2498 3503 qui

1475 3510 1798 3581 Cupidinem
1817 3513 1940 3567 fecit
1953 3513 2354 3584 Thespiensem,
2369 3522 2498 3562 teste

1472 3590 1690 3654 eodem,
1708 3593 1873 3646 Boeot.
1897 3593 1994 3657 IX,
2019 3611 2137 3664 pag.
2170 3595 2239 3645 58
2255 3609 2274 3642 ι
2289 3629 2304 3643 .
2327 3588 2494 3642 Muta-

1471 3689 1580 3740 γρος
1617 3674 1786 3741 patria
1825 3673 2086 3729 Phoceus.
2126 3683 2185 3722 ut
2217 3665 2498 3720 Vitruvius

1474 3749 1656 3820 prodit
1697 3753 1754 3804 in
1793 3752 1944 3822 praef.
1990 3751 2103 3813 111,
2152 3765 2206 3816 p.
2251 3745 2345 3814 37,
2385 3762 2495 3796 non

1477 3829 1684 3883 minore
1711 3831 1926 3901 ingenio
1957 3827 2298 3892 solertiaque,
2337 3839 2494 3892 quam

1476 3909 1794 3978 Polycletus.
1816 3907 2132 3974 Πολυκράτης
2146 3941 2161 3966 ,
2180 3897 2465 3974 Πολύδωρος
2476 3943 2492 3969 ,

1476 3989 1788 4056 Πυθόκριτος,
1811 3985 1879 4039 de
1910 4003 2021 4055 quo
2060 4001 2216 4052 supra
2248 4002 2260 4032 τ
2293 3985 2493 4052 Πρωτο-

1477 4070 1648 4135 γένης,
1679 4064 1746 4118 de
1779 4082 1886 4134 quo
1913 4061 2146 4126 XXXV,
2179 4061 2268 4115 36.
2299 4065 2499 4133 Πατρο·
