2975 4684
404 736 407 739 ,
444 686 528 728 ne
562 672 889 728 cremaret
935 655 1190 726 tabulas
1230 645 1675 726 Demetrius⁹⁴

446 418 586 492 356
992 421 1073 489 C.
1130 420 1456 488 PLINII
1511 420 1714 488 NAT.
1771 422 2017 488 HIST.

444 559 845 647 Protogenes
871 554 1263 620 monstravit
1293 568 1361 620 et
1379 552 1662 621 fortuna.
1689 553 1968 646 Propter
1984 538 2035 589 ⁹³
2061 553 2239 620 hune
2261 552 2569 647 Ialysum,
2679 643 2688 650 Ι

1723 681 1835 725 rex
1858 709 1876 743 ,
1911 683 2117 752 quum
2151 657 2234 724 ab
2269 682 2345 727 ea
2383 676 2572 753 parte

446 765 838 858 solaposset
876 762 1187 831 Rhodum
1220 787 1498 857 capere,
1527 787 1660 831 non
1699 763 2027 850 incendit;
2062 778 2574 858 parcentemque

446 873 719 965 picturae
769 868 936 962 fugit
988 871 1248 936 occasio
1280 870 1608 938 -victoriae.
1657 871 1820 937 Erat
1855 883 2014 937 tunc
2063 872 2464 962 Protogenes
2505 871 2572 937 in

447 975 828 1062 suburbano
862 972 1131 1042 hortulo
1166 999 1286 1042 suo
1308 1028 1327 1060 ‚
1366 975 1498 1043 hoc
1531 989 1631 1042 est
1651 1027 1669 1060 ,
1709 976 2031 1042 Demetrii
2063 975 2308 1044 castris.
2342 978 2574 1070 Neque

443 1079 890 1175 interpellatus
924 1078 1161 1173 praeliis
1198 1081 1506 1148 inchoata
1551 1066 1816 1173 opera⁹⁵
1864 1081 2209 1148 intermisit
2250 1083 2521 1149 omnino
2558 1107 2572 1147 :

442 1189 569 1256 nisi
620 1188 865 1255 accitus
918 1209 957 1252 a
1012 1209 1166 1278 rege
1219 1187 1790 1281 interrogatusque
1805 1171 1880 1270 ⁹⁶,
1924 1209 2051 1278 qua
2102 1185 2343 1254 fiducia
2383 1202 2572 1254 extra

443 1318 669 1362 muros
698 1305 959 1386 ageret,
989 1291 1364 1385 respondit,
1396 1291 1562 1360 scire
1597 1316 1664 1360 se
1704 1316 1856 1360 cum
1887 1291 2164 1360 Rhodiis
2201 1290 2292 1360 ilii
2323 1291 2567 1359 bellum

442 1397 668 1484 essem,
720 1421 855 1464 non
904 1421 1054 1464 cum
1108 1397 1377 1465 artibus.
1430 1398 1776 1492 Disposuit
1821 1422 1978 1492 ergo
2023 1422 2136 1466 rex
2183 1399 2247 1465 in
2295 1397 2572 1466 tutelam

444 1529 653 1598 phanua
680 1543 693 1578 :
716 1525 899 1595 Πάριον
921 1563 936 1588 ,
963 1524 1102 1586 ποἋις
1127 1527 1172 1577 ἐν
1195 1515 1473 1580 Eune-ndit—
1560 1527 1654 1578 etsi
1677 1525 1734 1576 in
1753 1527 1884 1596 Reg.
1919 1545 1946 1578 α
1977 1524 2184 1596 legitur,
2205 1528 2410 1577 retinent
2423 1545 2575 1595 pane-

443 1629 513 1678 τῳ
540 1609 767 1663 κληθεῖσα
790 1605 885 1656 ἀπὸ
912 1607 1095 1673 Παρίου
1117 1609 1201 1656 τοῦ
1222 1595 1468 1664 Ῐασίωνος·

443 1689 499 1740 τὸ
527 1687 700 1738 ἐθνικὸν
720 1685 915 1754 Πάριος*
937 1687 959 1735 ὁ
984 1685 1186 1744 πολίτης
1208 1686 1468 1753 Παριανός.

442 1769 685 1836 Δόγονται
715 1763 800 1815 καὶ
824 1765 1103 1832 Παριανιῖς.
1141 1762 1334 1815 Noster
1366 1763 1471 1814 hoe

443 1847 585 1899 libro
604 1881 620 1907 ,
652 1861 702 1895 c.
730 1859 752 1892 1
771 1859 792 1893 t
828 1859 841 1893 :
870 1867 892 1887 ι
920 1841 1209 1910 Polygnoti
1231 1855 1283 1892 et
1312 1841 1361 1891 N
1368 1842 1469 1892 iea-

442 1924 589 1977 noris
609 1933 662 1973 et
688 1919 937 1971 Arcesilai
968 1919 1263 1971 Pariorum.
1303 1944 1324 1964 -
1366 1919 1472 1968 De-

446 2001 606 2072 nique
634 1999 752 2067 lego
781 2015 795 2048 :
823 2023 845 2043 ι
873 1998 955 2049 Ita
981 1996 1303 2066 Protogenes
1320 2013 1473 2048 mon-

444 2078 630 2133 stravit
666 2087 719 2128 et
761 2075 1058 2140 fortunam,
1107 2101 1128 2121 1·
1178 2093 1342 2146 quum
1380 2073 1469 2126 alii

445 2158 673 2212 artifices
712 2167 767 2207 et
806 2153 1049 2206 doctores
1092 2151 1469 2206 tantummodo

448 2251 614 2291 artem
638 2245 948 2288 monstrent.
976 2233 1186 2284 Praeivit
1212 2230 1470 2287 nimirum

448 2316 631 2371 Nealci
672 2312 742 2365 ad
804 2310 1211 2383 exprimendum
1250 2311 1471 2363 fortuito

448 2397 692 2466 con-jectu
716 2392 937 2454 coloris,
966 2389 1110 2460 quod
1140 2409 1223 2442 ars
1244 2407 1298 2442 se
1318 2408 1471 2459 posse

448 2475 701 2546 perficere
711 2470 1036 2540 desperabat.
1048 2471 1277 2522 Omnem
1292 2470 1471 2522 locum

450 2573 512 2607 ex
540 2553 746 2623 optimo
766 2550 841 2601 sic
858 2548 975 2618 lege
998 2565 1011 2601 ε
1037 2571 1059 2592 κ
1086 2551 1202 2602 Hoc
1226 2548 1473 2619 exemplo

448 2635 561 2704 ejus
604 2629 789 2683 similis
821 2629 1068 2682 Nealeem
1110 2647 1375 2681 successus
1412 2627 1468 2680 in

448 2729 635 2784 spuma
678 2709 802 2778 equi
843 2707 1083 2760 similiter
1120 2709 1337 2779 spongia
1376 2707 1473 2759 im-

450 2803 603 2864 pacta
632 2801 883 2858 sequutus
908 2787 1125 2852 dicitur,
1156 2805 1322 2858 quum
1350 2786 1472 2857 pin-

452 2882 599 2942 geret
635 2868 1001 2938 Poppyzonta.
1054 2867 1299 2918 Retinent
1330 2865 1473 2918 Parii

452 2966 667 3022 equum.
702 2948 785 3000 Ita
825 2946 1144 3015 Protogenes
1166 2945 1475 2998 monstravit

452 3043 507 3082 et
542 3030 826 3081 fortunam.
855 3051 876 3071 ι
913 3025 1165 3078 Gnonov.
1187 3055 1265 3067 —-
1294 3025 1471 3093 Quum.

452 3108 792 3166 Ποππύζοντα
842 3103 946 3156 hoc
994 3117 1073 3156 est
1099 3142 1114 3167 ,
1167 3101 1474 3156 adulantem

454 3205 595 3259 equo
647 3183 884 3237 nondum
940 3181 1239 3251 perdomito
1256 3220 1272 3245 ,
1324 3181 1473 3235 tenui

454 3265 611 3319 sibilo
646 3281 740 3315 ore
767 3262 958 3315 emisso
998 3281 1010 3313 :
1054 3262 1134 3313 vel
1168 3260 1473 3314 demulcen-

456 3359 561 3400 tem
580 3385 595 3408 ,
623 3341 919 3410 blandeque
939 3341 1181 3392 manibus
1202 3351 1475 3393 attrectan-

457 3438 583 3478 tem.
626 3421 817 3474 Utitur
849 3439 911 3472 eo
945 3421 1109 3472 verbo
1152 3419 1472 3487 Sophocles,

456 3503 729 3562 ποππῦζιις
783 3497 865 3550 καὶ
915 3499 1239 3568 ζευγηλάταιι,
1290 3517 1475 3566 quem·

456 3579 743 3637 admodum
794 3578 1037 3630 observat
1084 3577 1116 3626 J
1123 3576 1194 3628 ul.
1244 3577 1439 3628 Pollux
1457 3615 1472 3640 ,

457 3659 821 3720 Onom.V11,
868 3675 923 3726 p.
961 3656 1085 3725 370.
1134 3655 1278 3718 Quin
1328 3653 1471 3706 idem

456 3759 673 3814 quoque
711 3738 767 3788 in
814 3734 1019 3806 prim0‚
1056 3753 1172 3804 pag.
1218 3733 1319 3798 54,
1362 3734 1473 3788 sisti

452 3839 650 3892 equum
674 3833 973 3888 poppysmo
987 3811 1159 3877 docet,
1176 3812 1277 3865 hoc
1295 3813 1467 3882 ipsum

454 3916 713 3968 usurpans
728 3895 1064 3950 vocabulum.
1086 3891 1359 3962 Frigidum
1376 3905 1470 3955 est,

453 3976 597 4049 quod
620 3975 708 4028 hic
728 3973 944 4045 quidem
968 3973 1175 4043 legunt,
1206 3998 1228 4019 ι
1259 3973 1469 4043 Poppy·

450 4067 620 4108 zonta.
666 4053 914 4106 Retineut
966 4049 1103 4105 Parii
1152 4071 1391 4122 equum.-
1436 4081 1457 4100 .

1559 1625 1680 1658 cum.
1707 1604 1888 1656 nanu.

1641 1685 1733 1752 93.
1761 1684 1969 1752 Propter
1990 1684 2114 1735 Ιιωισ
2134 1684 2366 1756 Ialysum.
2393 1683 2576 1736 Refert

1557 1763 1673 1815 hoc
1699 1761 1922 1814 totidem
1967 1763 2133 1815 ferme
2165 1765 2340 1816 verbis
2363 1763 2574 1816 Plutar-

1557 1842 1690 1893 chus
1715 1841 1770 1892 in
1809 1842 2106 1899 Demetrio.
2143 1861 2196 1911 p.
2230 1845 2376 1910 898,
2406 1841 2578 1894 idem-

1557 1919 1738 1990 quein
1765 1920 2030 1990 Apophth.
2056 1938 2109 1988 p.
2151 1921 2292 1984 1853
2319 1921 2574 1984 AElianus‚

1559 1998 1686 2048 Var.
1716 1997 1850 2049 Hist.
1877 1997 1970 2049 lib.
1995 1997 2132 2062 XII,
2158 2015 2271 2067 cap.
2304 2006 2364 2060 ἀι
2389 2020 2403 2062 ;
2433 2001 2572 2050 mul-

1560 2088 1720 2145 toque
1749 2075 2043 2146 expressius
2067 2075 2274 2128 Gellius
2292 2114 2307 2139 ‚
2333 2076 2426 2128 lib.
2447 2078 2570 2140 XV,

1557 2173 1676 2226 cap.
1705 2155 1772 2206 31
1794 2193 1810 2218 ,
1831 2173 1884 2224 p.
1915 2153 2046 2207 855.
2078 2153 2254 2207 Hann.
2275 2188 2357 2198 -—
2377 2155 2456 2209 Ne
2471 2175 2573 2206 cre-

1557 2245 1708 2284 maret
1721 2234 1927 2285 tabulas.
1944 2232 2091 2285 Brot.
2115 2251 2182 2285 ex
2195 2233 2347 2286 MSS.
2371 2236 2495 2305 Reg-
2521 2255 2572 2299 α,

1559 2325 1611 2366 et
1639 2311 1764 2365 edit.
1788 2311 2059 2383 principe,
2099 2332 2158 2363 ne
2193 2327 2420 2365 cremaret
2442 2315 2576 2366 tabu·

1559 2393 1673 2444 lam.
1699 2393 1801 2445 En.

1641 2478 1732 2540 94.
1781 2473 2050 2524 Demetrius
2100 2492 2200 2525 rex.
2252 2472 2574 2526 Poliorcetes

1559 2548 1747 2603 dictus.
1773 2551 1952 2604 Haut).

1639 2632 1731 2698 95.
1775 2630 2007 2682 Inchoata
2047 2649 2212 2698 opera.
2255 2630 2572 2686 Plutanchus

1557 2706 1615 2761 in
1637 2709 1936 2773 Demetri0,
1959 2728 2015 2779 p.
2049 2711 2161 2777 898
2180 2747 2196 2774 ,
2215 2710 2291 2762 ait
2317 2711 2569 2781 Protoge-

1558 2807 1677 2840 nem
1705 2800 1833 2840 tunc
1855 2789 2087 2858 pinxisse
2115 2807 2268 2842 suum
2303 2789 2569 2860 Ialysum;

1559 2865 1706 2937 quod
1731 2867 1916 2920 falsum
1949 2881 2028 2920 est
2061 2886 2122 2919 ex
2151 2868 2324 2920 Plinio
2354 2881 2408 2921 et
2433 2871 2570 2922 Anio
2623 2924 2633 2930 ,

1559 2947 1733 3000 Gellio
1753 2985 1768 3010 ‚
1799 2947 1894 2999 lib.
1934 2947 2059 3012 XV,
2091 2965 2204 3018 cap.
2241 2948 2337 3000 31.
2371 2949 2573 3019 Ialysus

1559 3039 1672 3078 erat
1695 3027 1833 3078 intra
1859 3026 2044 3079 urbem
2071 3027 2324 3080 Rhodum
2344 3047 2359 3079 τ
2379 3029 2564 3081 Proto·

1558 3122 1715 3174 genes
1746 3103 2258 3158 verodivembatur
2285 3107 2340 3157 in
2381 3107 2572 3158 subur·

1557 3185 1696 3236 bano
1723 3183 1939 3236 hortulo
1969 3203 2066 3237 suo
2084 3223 2100 3249 ‚
2127 3198 2178 3237 et
2195 3185 2449 3238 'inchoata
2471 3185 2570 3236 alia

1559 3281 1718 3332 opera
1743 3282 1803 3316 ac
1847 3265 2074 3316 maxime
2109 3265 2356 3333 Satyrum
2383 3264 2568 3334 pinge-

1560 3341 1665 3394 bat.
1692 3341 1856 3395 Bno’r.

1639 3423 1732 3489 96.
1760 3419 1861 3472 Sed
1895 3425 2073 3472 accitus
2097 3441 2132 3472 a
2165 3425 2274 3488 rege
2301 3423 2568 3488 interroga·

1561 3500 1748 3571 rusque}
1765 3501 1870 3552 Pro
1882 3540 1898 3566 ‚
1916 3501 2025 3562 sed,
2045 3499 2100 3550 in
2127 3498 2338 3550 vetustis
2360 3495 2568 3567 legitur,

1561 3581 1678 3643 nisi,
1707 3578 1849 3650 quod
1877 3578 2018 3631 idem
2045 3590 2138 3630 est.
2175 3577 2450 3646 Loquendi
2475 3597 2564 3648 ge-

1560 3677 1660 3711 nus
1684 3677 1780 3710 nec
1809 3657 2088 3720 Ciceroni,
2109 3656 2390 3718 Terentio,
2413 3656 2565 3708 Plau-

1561 3751 1642 3797 to,
1683 3737 1925 3790 Sallustio
1953 3737 2272 3807 infrequens.
2301 3735 2500 3788 Darne.

1641 3821 1728 3886 97.
1750 3816 1892 3878 ‚Scire
1921 3835 1970 3866 se
1995 3835 2098 3867 cum
2121 3815 2567 3868 thode’is...bellum

1557 3916 1670 3948 esse.
1693 3895 1873 3948 Simile
1895 3894 2100 3948 Nealcie
2121 3893 2335 3964 pictoris
2362 3892 2564 3946 dictum
2675 3905 2678 3910 '

1555 3975 1718 4028 refert
1763 3969 2074 4026 Plutarchus
2113 3973 2169 4027 in
2213 3979 2395 4034 Arato,
2447 3991 2564 4043 pag.

1563 4055 1715 4106 ¹032.
1743 4053 1915 4105 Ham).
