<?xml version="1.0" encoding="UTF-8"?>
<!DOCTYPE html PUBLIC "-//W3C//DTD XHTML 1.0 Transitional//EN"
    "http://www.w3.org/TR/xhtml1/DTD/xhtml1-transitional.dtd">
<html xmlns="http://www.w3.org/1999/xhtml" xml:lang="en" lang="en">
 <head>
  <title>
</title>
<meta http-equiv="Content-Type" content="text/html;charset=utf-8" />
  <meta name='ocr-system' content='tesseract 3.04.00' />
  <meta name='ocr-capabilities' content='ocr_page ocr_carea ocr_par ocr_line ocrx_word'/>
</head>
<body>
  <div class='ocr_page' id='page_1' title='image "./historinaturali00mgoog_0108.png"; bbox 0 0 2975 4684; ppageno 0'>
   <div class='ocr_carea' id='block_1_1' title="bbox 1043 381 1761 450">
    <p class='ocr_par' dir='ltr' id='par_1_1' title="bbox 1043 381 1761 450">
     <span class='ocr_line' id='line_1_1' title="bbox 1043 381 1761 450; baseline 0 -2"><span class='ocrx_word' id='word_1_1' title='bbox 1043 381 1348 450; x_wconf 87' lang='lat' dir='ltr'>LIBER</span> <span class='ocrx_word' id='word_1_2' title='bbox 1387 383 1761 450; x_wconf 83' lang='lat' dir='ltr'>XXXIII.</span> 
     </span>
    </p>
   </div>
   <div class='ocr_carea' id='block_1_2' title="bbox 2358 407 2455 480">
    <p class='ocr_par' dir='ltr' id='par_1_2' title="bbox 2358 407 2455 480">
     <span class='ocr_line' id='line_1_2' title="bbox 2358 407 2455 480; baseline 0 0"><span class='ocrx_word' id='word_1_3' title='bbox 2358 407 2455 480; x_wconf 87' lang='lat'><strong>99</strong></span> 
     </span>
    </p>
   </div>
   <div class='ocr_carea' id='block_1_3' title="bbox 329 510 2521 1868">
    <p class='ocr_par' dir='ltr' id='par_1_3' title="bbox 331 510 2459 926">
     <span class='ocr_line' id='line_1_3' title="bbox 333 510 2459 605; baseline 0.003 -27"><span class='ocrx_word' id='word_1_4' title='bbox 333 524 510 578; x_wconf 87' lang='lat' dir='ltr'><strong>terea</strong></span> <span class='ocrx_word' id='word_1_5' title='bbox 545 524 901 605; x_wconf 81' lang='lat' dir='ltr'><strong>utmmque</strong></span> <span class='ocrx_word' id='word_1_6' title='bbox 948 511 1146 582; x_wconf 85' lang='lat' dir='ltr'><strong>nimis</strong></span> <span class='ocrx_word' id='word_1_7' title='bbox 1181 535 1334 582; x_wconf 88' lang='lat' dir='ltr'><strong>acre</strong></span> <span class='ocrx_word' id='word_1_8' title='bbox 1366 513 1793 582; x_wconf 88' lang='lat' dir='ltr'><strong>existimatur.</strong></span> <span class='ocrx_word' id='word_1_9' title='bbox 1824 510 1987 581; x_wconf 89' lang='lat' dir='ltr'><strong>Ideo</strong></span> <span class='ocrx_word' id='word_1_10' title='bbox 2014 513 2337 583; x_wconf 78' lang='lat' dir='ltr'><strong>transiere</strong></span> <span class='ocrx_word' id='word_1_11' title='bbox 2372 515 2459 585; x_wconf 86' lang='lat' dir='ltr'><strong>ad</strong></span> 
     </span>
     <span class='ocr_line' id='line_1_4' title="bbox 333 603 2456 714; baseline 0.003 -30"><span class='ocrx_word' id='word_1_12' title='bbox 333 614 700 686; x_wconf 87' lang='lat' dir='ltr'><strong>rubricam²</strong></span> <span class='ocrx_word' id='word_1_13' title='bbox 725 671 746 705; x_wconf 87' lang='lat'>,</span> <span class='ocrx_word' id='word_1_14' title='bbox 787 631 854 686; x_wconf 91' lang='lat' dir='ltr'><strong>et</strong></span> <span class='ocrx_word' id='word_1_15' title='bbox 895 615 1300 712; x_wconf 83' lang='lat' dir='ltr'>sinopidem,</span> <span class='ocrx_word' id='word_1_16' title='bbox 1349 618 1436 687; x_wconf 91' lang='lat' dir='ltr'><strong>de</strong></span> <span class='ocrx_word' id='word_1_17' title='bbox 1497 617 1737 714; x_wconf 87' lang='lat' dir='ltr'><strong>quibus</strong></span> <span class='ocrx_word' id='word_1_18' title='bbox 1791 618 1923 686; x_wconf 89' lang='lat' dir='ltr'><strong>suis</strong></span> <span class='ocrx_word' id='word_1_19' title='bbox 1969 603 2180 688; x_wconf 46' lang='lat' dir='ltr'><strong>locis*³</strong></span> <span class='ocrx_word' id='word_1_20' title='bbox 2220 619 2456 690; x_wconf 88' lang='lat' dir='ltr'><strong>dicam.</strong></span> 
     </span>
     <span class='ocr_line' id='line_1_5' title="bbox 333 721 2451 860; baseline 0.002 -69"><span class='ocrx_word' id='word_1_21' title='bbox 333 722 723 792; x_wconf 87' lang='lat' dir='ltr'><strong>Cinnabaris</strong></span> <span class='ocrx_word' id='word_1_22' title='bbox 751 721 1164 794; x_wconf 80' lang='lat' dir='ltr'><strong>adulteratur</strong></span> <span class='ocrx_word' id='word_1_23' title='bbox 1190 727 1507 860; x_wconf 77' lang='lat' dir='ltr'><strong>sanguine</strong></span> <span class='ocrx_word' id='word_1_24' title='bbox 1534 725 1839 818; x_wconf 87' lang='lat' dir='ltr'><strong>caprino,</strong></span> <span class='ocrx_word' id='word_1_25' title='bbox 1866 736 1982 792; x_wconf 85' lang='lat' dir='ltr'><strong>aut</strong></span> <span class='ocrx_word' id='word_1_26' title='bbox 2006 723 2219 795; x_wconf 86' lang='lat' dir='ltr'><strong>sorbis</strong></span> <span class='ocrx_word' id='word_1_27' title='bbox 2254 726 2451 796; x_wconf 87' lang='lat' dir='ltr'><strong>tritis.</strong></span> 
     </span>
     <span class='ocr_line' id='line_1_6' title="bbox 331 817 1841 926; baseline 0.001 -30"><span class='ocrx_word' id='word_1_28' title='bbox 331 829 619 897; x_wconf 84' lang='lat' dir='ltr'><strong>Pretium</strong></span> <span class='ocrx_word' id='word_1_29' title='bbox 661 831 964 915; x_wconf 80' lang='lat' dir='ltr'><strong>sincerae,</strong></span> <span class='ocrx_word' id='word_1_30' title='bbox 1006 817 1306 900; x_wconf 67' lang='grc' dir='ltr'><strong>ιιιιιιιιιιὶ4</strong></span> <span class='ocrx_word' id='word_1_31' title='bbox 1341 831 1841 926; x_wconf 82' lang='lat' dir='ltr'><strong>quinquaginta.</strong></span> 
     </span>
    </p>

    <p class='ocr_par' dir='ltr' id='par_1_4' title="bbox 329 933 2521 1852">
     <span class='ocr_line' id='line_1_7' title="bbox 437 933 2521 1012; baseline 0.004 -9"><span class='ocrx_word' id='word_1_32' title='bbox 437 937 584 1004; x_wconf 85' lang='lat' dir='ltr'><strong>XL.</strong></span> <span class='ocrx_word' id='word_1_33' title='bbox 614 937 654 1004; x_wconf 86' lang='lat' dir='ltr'><strong>J</strong></span> <span class='ocrx_word' id='word_1_34' title='bbox 658 933 821 1004; x_wconf 80' lang='lat' dir='ltr'><strong>uba</strong></span> <span class='ocrx_word' id='word_1_35' title='bbox 857 937 1134 1004; x_wconf 89' lang='lat' dir='ltr'><strong>minium</strong></span> <span class='ocrx_word' id='word_1_36' title='bbox 1171 937 1351 1006; x_wconf 88' lang='lat' dir='ltr'><strong>nasci</strong></span> <span class='ocrx_word' id='word_1_37' title='bbox 1379 952 1448 1007; x_wconf 91' lang='lat' dir='ltr'><strong>et</strong></span> <span class='ocrx_word' id='word_1_38' title='bbox 1481 939 1550 1006; x_wconf 90' lang='lat' dir='ltr'><strong>in</strong></span> <span class='ocrx_word' id='word_1_39' title='bbox 1574 937 1929 1006; x_wconf 78' lang='lat' dir='ltr'><strong>Carmania</strong></span> <span class='ocrx_word' id='word_1_40' title='bbox 1964 937 2166 1007; x_wconf 82' lang='lat' dir='ltr'><strong>tradit</strong></span> <span class='ocrx_word' id='word_1_41' title='bbox 2196 962 2213 1005; x_wconf 77' lang='grc' dir='ltr'><strong><em>ε</em></strong></span> <span class='ocrx_word' id='word_1_42' title='bbox 2242 936 2459 1007; x_wconf 85' lang='lat' dir='ltr'><strong>Tima-</strong></span> <span class='ocrx_word' id='word_1_43' title='bbox 2499 978 2521 1012; x_wconf 83' lang='lat'>1</span> 
     </span>
     <span class='ocr_line' id='line_1_8' title="bbox 331 1037 2457 1136; baseline 0.001 -26"><span class='ocrx_word' id='word_1_44' title='bbox 331 1037 564 1135; x_wconf 84' lang='lat' dir='ltr'><strong>genes&#39;</strong></span> <span class='ocrx_word' id='word_1_45' title='bbox 599 1056 669 1110; x_wconf 91' lang='lat' dir='ltr'><strong>et</strong></span> <span class='ocrx_word' id='word_1_46' title='bbox 701 1043 768 1110; x_wconf 89' lang='lat' dir='ltr'><strong>in</strong></span> <span class='ocrx_word' id='word_1_47' title='bbox 811 1041 1167 1136; x_wconf 85' lang='lat' dir='ltr'><strong>AEthiopia.</strong></span> <span class='ocrx_word' id='word_1_48' title='bbox 1209 1042 1340 1112; x_wconf 89' lang='lat' dir='ltr'><strong>Sed</strong></span> <span class='ocrx_word' id='word_1_49' title='bbox 1383 1057 1622 1113; x_wconf 89' lang='lat' dir='ltr'><strong>neutro</strong></span> <span class='ocrx_word' id='word_1_50' title='bbox 1675 1067 1755 1111; x_wconf 84' lang='lat' dir='ltr'><strong>ex</strong></span> <span class='ocrx_word' id='word_1_51' title='bbox 1805 1040 1954 1112; x_wconf 91' lang='lat' dir='ltr'><strong>loco</strong></span> <span class='ocrx_word' id='word_1_52' title='bbox 1992 1043 2328 1113; x_wconf 83' lang='lat' dir='ltr'><strong>invehitur</strong></span> <span class='ocrx_word' id='word_1_53' title='bbox 2370 1043 2457 1113; x_wconf 90' lang='lat' dir='ltr'><strong>ad</strong></span> 
     </span>
     <span class='ocr_line' id='line_1_9' title="bbox 333 1146 2457 1279; baseline 0.002 -64"><span class='ocrx_word' id='word_1_54' title='bbox 333 1171 483 1233; x_wconf 79' lang='grc' dir='ltr'>ιιοε,</span> <span class='ocrx_word' id='word_1_55' title='bbox 533 1171 656 1216; x_wconf 89' lang='lat' dir='ltr'><strong>nec</strong></span> <span class='ocrx_word' id='word_1_56' title='bbox 693 1147 830 1216; x_wconf 87' lang='lat' dir='ltr'><strong>fere</strong></span> <span class='ocrx_word' id='word_1_57' title='bbox 865 1146 1162 1232; x_wconf 84' lang='lat' dir='ltr'><strong>aliunde,</strong></span> <span class='ocrx_word' id='word_1_58' title='bbox 1190 1173 1403 1279; x_wconf 82' lang='lat' dir='ltr'><strong>³quam</strong></span> <span class='ocrx_word' id='word_1_59' title='bbox 1433 1173 1525 1218; x_wconf 86' lang='lat' dir='ltr'><strong>ex</strong></span> <span class='ocrx_word' id='word_1_60' title='bbox 1550 1148 1887 1266; x_wconf 85' lang='lat' dir='ltr'><strong>Hispania.</strong></span> <span class='ocrx_word' id='word_1_61' title='bbox 1932 1147 2457 1220; x_wconf 89' lang='lat' dir='ltr'><strong>Celeberrimum</strong></span> 
     </span>
     <span class='ocr_line' id='line_1_10' title="bbox 333 1240 2456 1349; baseline 0.001 -28"><span class='ocrx_word' id='word_1_62' title='bbox 333 1277 414 1321; x_wconf 82' lang='lat' dir='ltr'><strong>ex</strong></span> <span class='ocrx_word' id='word_1_63' title='bbox 451 1254 871 1349; x_wconf 79' lang='lat' dir='ltr'><strong>Sisaponensi</strong></span> <span class='ocrx_word' id='word_1_64' title='bbox 907 1240 1213 1349; x_wconf 81' lang='lat' dir='ltr'><strong>regione³</strong></span> <span class='ocrx_word' id='word_1_65' title='bbox 1263 1255 1331 1324; x_wconf 86' lang='lat' dir='ltr'><strong>in</strong></span> <span class='ocrx_word' id='word_1_66' title='bbox 1365 1255 1644 1338; x_wconf 71' lang='lat' dir='ltr'><strong>Baetica,</strong></span> <span class='ocrx_word' id='word_1_67' title='bbox 1690 1253 1993 1322; x_wconf 87' lang='lat' dir='ltr'><strong>miniario</strong></span> <span class='ocrx_word' id='word_1_68' title='bbox 2040 1252 2308 1323; x_wconf 87' lang='lat' dir='ltr'><strong>metallo</strong></span> <span class='ocrx_word' id='word_1_69' title='bbox 2343 1279 2456 1324; x_wconf 79' lang='lat' dir='ltr'><strong>ve·</strong></span> 
     </span>
     <span class='ocr_line' id='line_1_11' title="bbox 333 1357 2457 1454; baseline 0 -26"><span class='ocrx_word' id='word_1_70' title='bbox 333 1357 674 1453; x_wconf 82' lang='lat' dir='ltr'><strong>ctigalibus</strong></span> <span class='ocrx_word' id='word_1_71' title='bbox 700 1359 930 1454; x_wconf 85' lang='lat' dir='ltr'><strong>populi</strong></span> <span class='ocrx_word' id='word_1_72' title='bbox 955 1361 1213 1428; x_wconf 86' lang='lat' dir='ltr'><strong>romani</strong></span> <span class='ocrx_word' id='word_1_73' title='bbox 1230 1413 1250 1446; x_wconf 90' lang='lat'>‚</span> <span class='ocrx_word' id='word_1_74' title='bbox 1311 1358 1555 1428; x_wconf 89' lang='lat' dir='ltr'><strong>nullius</strong></span> <span class='ocrx_word' id='word_1_75' title='bbox 1581 1358 1675 1428; x_wconf 90' lang='lat' dir='ltr'><strong>rei</strong></span> <span class='ocrx_word' id='word_1_76' title='bbox 1700 1357 2117 1452; x_wconf 82' lang='lat' dir='ltr'><strong>diligentiore</strong></span> <span class='ocrx_word' id='word_1_77' title='bbox 2138 1359 2457 1430; x_wconf 87' lang='lat' dir='ltr'><strong>custodia.</strong></span> 
     </span>
     <span class='ocr_line' id='line_1_12' title="bbox 333 1452 2456 1560; baseline 0.001 -28"><span class='ocrx_word' id='word_1_78' title='bbox 333 1463 486 1533; x_wconf 85' lang='lat' dir='ltr'><strong>Non</strong></span> <span class='ocrx_word' id='word_1_79' title='bbox 529 1465 680 1534; x_wconf 88' lang='lat' dir='ltr'><strong>licet</strong></span> <span class='ocrx_word' id='word_1_80' title='bbox 705 1464 771 1534; x_wconf 84' lang='lat' dir='ltr'><strong>id</strong></span> <span class='ocrx_word' id='word_1_81' title='bbox 800 1466 890 1532; x_wconf 87' lang='lat' dir='ltr'><strong>ibi</strong></span> <span class='ocrx_word' id='word_1_82' title='bbox 913 1452 1271 1560; x_wconf 73' lang='lat' dir='ltr'><strong>perficere⁴</strong></span> <span class='ocrx_word' id='word_1_83' title='bbox 1305 1465 1734 1559; x_wconf 82' lang='lat' dir='ltr'><strong>excoquique.</strong></span> <span class='ocrx_word' id='word_1_84' title='bbox 1774 1465 2059 1533; x_wconf 81' lang='lat' dir='ltr'><strong>Romam</strong></span> <span class='ocrx_word' id='word_1_85' title='bbox 2091 1452 2456 1559; x_wconf 82' lang='lat' dir='ltr'><strong>perfertur⁵</strong></span> 
     </span>
     <span class='ocr_line' id='line_1_13' title="bbox 333 1568 2461 1663; baseline 0.002 -27"><span class='ocrx_word' id='word_1_86' title='bbox 333 1593 502 1640; x_wconf 87' lang='lat' dir='ltr'><strong>vena</strong></span> <span class='ocrx_word' id='word_1_87' title='bbox 556 1573 846 1663; x_wconf 88' lang='lat' dir='ltr'><strong>signata,</strong></span> <span class='ocrx_word' id='word_1_88' title='bbox 889 1569 973 1637; x_wconf 87' lang='lat' dir='ltr'><strong>ad</strong></span> <span class='ocrx_word' id='word_1_89' title='bbox 1022 1570 1193 1640; x_wconf 86' lang='lat' dir='ltr'><strong>dena</strong></span> <span class='ocrx_word' id='word_1_90' title='bbox 1241 1569 1440 1639; x_wconf 89' lang='lat' dir='ltr'><strong>millia</strong></span> <span class='ocrx_word' id='word_1_91' title='bbox 1487 1569 1625 1638; x_wconf 86' lang='lat' dir='ltr'><strong>fere</strong></span> <span class='ocrx_word' id='word_1_92' title='bbox 1666 1568 1893 1663; x_wconf 85' lang='lat' dir='ltr'><strong>pondo</strong></span> <span class='ocrx_word' id='word_1_93' title='bbox 1948 1591 2187 1639; x_wconf 88' lang='lat' dir='ltr'><strong>annua.</strong></span> <span class='ocrx_word' id='word_1_94' title='bbox 2226 1571 2461 1640; x_wconf 78' lang='lat' dir='ltr'><strong>Romae</strong></span> 
     </span>
     <span class='ocr_line' id='line_1_14' title="bbox 329 1674 2463 1771; baseline 0.001 -27"><span class='ocrx_word' id='word_1_95' title='bbox 329 1691 552 1744; x_wconf 84' lang='lat' dir='ltr'><strong>autem</strong></span> <span class='ocrx_word' id='word_1_96' title='bbox 591 1675 882 1744; x_wconf 84' lang='lat' dir='ltr'><strong>lavatur:</strong></span> <span class='ocrx_word' id='word_1_97' title='bbox 923 1678 990 1743; x_wconf 91' lang='lat' dir='ltr'><strong>in</strong></span> <span class='ocrx_word' id='word_1_98' title='bbox 1033 1675 1414 1763; x_wconf 80' lang='lat' dir='ltr'><strong>vendendo,</strong></span> <span class='ocrx_word' id='word_1_99' title='bbox 1452 1677 1669 1770; x_wconf 89' lang='lat' dir='ltr'><strong>pretio</strong></span> <span class='ocrx_word' id='word_1_100' title='bbox 1706 1687 1951 1744; x_wconf 86' lang='lat' dir='ltr'><strong>statuta</strong></span> <span class='ocrx_word' id='word_1_101' title='bbox 1994 1674 2176 1771; x_wconf 85' lang='lat' dir='ltr'><strong>lege,</strong></span> <span class='ocrx_word' id='word_1_102' title='bbox 2218 1700 2303 1745; x_wconf 90' lang='lat' dir='ltr'><strong>ne</strong></span> <span class='ocrx_word' id='word_1_103' title='bbox 2328 1701 2463 1746; x_wconf 87' lang='lat' dir='ltr'><strong>mo-</strong></span> 
     </span>
     <span class='ocr_line' id='line_1_15' title="bbox 330 1768 2462 1868; baseline 0.002 -20"><span class='ocrx_word' id='word_1_104' title='bbox 330 1781 494 1849; x_wconf 88' lang='lat' dir='ltr'><strong>dum</strong></span> <span class='ocrx_word' id='word_1_105' title='bbox 521 1779 906 1868; x_wconf 84' lang='lat' dir='ltr'><strong>excederet,</strong></span> <span class='ocrx_word' id='word_1_106' title='bbox 925 1784 1016 1850; x_wconf 88' lang='lat' dir='ltr'><strong>H·</strong></span> <span class='ocrx_word' id='word_1_107' title='bbox 1021 1783 1086 1851; x_wconf 91' lang='lat' dir='ltr'><strong>S.</strong></span> <span class='ocrx_word' id='word_1_108' title='bbox 1109 1768 1287 1852; x_wconf 82' lang='lat' dir='ltr'><strong>Lxx⁶</strong></span> <span class='ocrx_word' id='word_1_109' title='bbox 1309 1785 1378 1852; x_wconf 91' lang='lat' dir='ltr'><strong>in</strong></span> <span class='ocrx_word' id='word_1_110' title='bbox 1409 1783 1628 1852; x_wconf 83' lang='lat' dir='ltr'><strong>libras.</strong></span> <span class='ocrx_word' id='word_1_111' title='bbox 1656 1780 1786 1850; x_wconf 86' lang='lat' dir='ltr'><strong>Sed</strong></span> <span class='ocrx_word' id='word_1_112' title='bbox 1807 1779 2216 1852; x_wconf 86' lang='lat' dir='ltr'><strong>adulteratur</strong></span> <span class='ocrx_word' id='word_1_113' title='bbox 2236 1778 2462 1852; x_wconf 85' lang='lat' dir='ltr'><strong>multis</strong></span> 
     </span>
    </p>
   </div>
   <div class='ocr_carea' id='block_1_4' title="bbox 332 1961 1348 2427">
    <p class='ocr_par' dir='ltr' id='par_1_5' title="bbox 332 1961 1348 2174">
     <span class='ocr_line' id='line_1_16' title="bbox 332 1961 1348 2016; baseline 0.001 -2"><span class='ocrx_word' id='word_1_114' title='bbox 332 1963 582 2014; x_wconf 80' lang='lat' dir='ltr'><strong>convenit</strong></span> <span class='ocrx_word' id='word_1_115' title='bbox 618 1979 739 2014; x_wconf 84' lang='lat' dir='ltr'><strong>cum</strong></span> <span class='ocrx_word' id='word_1_116' title='bbox 774 1961 1008 2015; x_wconf 86' lang='lat' dir='ltr'><strong>humano</strong></span> <span class='ocrx_word' id='word_1_117' title='bbox 1043 1963 1237 2016; x_wconf 88' lang='lat' dir='ltr'><strong>colore.</strong></span> <span class='ocrx_word' id='word_1_118' title='bbox 1269 1963 1348 2015; x_wconf 88' lang='lat' dir='ltr'><strong>De</strong></span> 
     </span>
     <span class='ocr_line' id='line_1_17' title="bbox 333 2041 1346 2108; baseline 0.001 -16"><span class='ocrx_word' id='word_1_119' title='bbox 333 2041 778 2095; x_wconf 70' lang='lat' dir='ltr'><strong>monochromatis</strong></span> <span class='ocrx_word' id='word_1_120' title='bbox 829 2041 1068 2095; x_wconf 78' lang='lat' dir='ltr'><strong>dicemus</strong></span> <span class='ocrx_word' id='word_1_121' title='bbox 1115 2041 1346 2108; x_wconf 78' lang='lat' dir='ltr'><strong>XXXV,</strong></span> 
     </span>
     <span class='ocr_line' id='line_1_18' title="bbox 337 2121 601 2175; baseline 0.008 -3"><span class='ocrx_word' id='word_1_122' title='bbox 337 2124 390 2175; x_wconf 87' lang='lat'><strong>6.</strong></span> <span class='ocrx_word' id='word_1_123' title='bbox 420 2121 601 2175; x_wconf 62' lang='lat' dir='ltr'><strong>Haut).</strong></span> 
     </span>
    </p>

    <p class='ocr_par' dir='ltr' id='par_1_6' title="bbox 335 2200 1348 2427">
     <span class='ocr_line' id='line_1_19' title="bbox 413 2200 1347 2272; baseline 0.002 -21"><span class='ocrx_word' id='word_1_124' title='bbox 413 2217 464 2252; x_wconf 95' lang='grc'><strong>3.</strong></span> <span class='ocrx_word' id='word_1_125' title='bbox 479 2201 572 2252; x_wconf 82' lang='lat' dir='ltr'><strong>Ad</strong></span> <span class='ocrx_word' id='word_1_126' title='bbox 592 2200 846 2252; x_wconf 79' lang='lat' dir='ltr'><strong>rubricam.</strong></span> <span class='ocrx_word' id='word_1_127' title='bbox 872 2200 1035 2272; x_wconf 78' lang='lat' dir='ltr'><strong>Apud</strong></span> <span class='ocrx_word' id='word_1_128' title='bbox 1063 2201 1249 2255; x_wconf 81' lang='lat' dir='ltr'><strong>Horat.</strong></span> <span class='ocrx_word' id='word_1_129' title='bbox 1271 2201 1347 2266; x_wconf 89' lang='lat' dir='ltr'><strong>H,</strong></span> 
     </span>
     <span class='ocr_line' id='line_1_20' title="bbox 336 2277 1348 2372; baseline 0.003 -41"><span class='ocrx_word' id='word_1_130' title='bbox 336 2278 502 2372; x_wconf 75' lang='lat' dir='ltr'><strong>Satyr.</strong></span> <span class='ocrx_word' id='word_1_131' title='bbox 525 2299 630 2345; x_wconf 78' lang='lat' dir='ltr'><strong>vn,</strong></span> <span class='ocrx_word' id='word_1_132' title='bbox 661 2299 712 2333; x_wconf 69' lang='lat' dir='ltr'><strong>V.</strong></span> <span class='ocrx_word' id='word_1_133' title='bbox 747 2283 860 2350; x_wconf 87' lang='lat'><strong>98:</strong></span> <span class='ocrx_word' id='word_1_134' title='bbox 893 2277 1108 2334; x_wconf 71' lang='lat' dir='ltr'><strong>«Praelia</strong></span> <span class='ocrx_word' id='word_1_135' title='bbox 1134 2280 1348 2334; x_wconf 82' lang='lat' dir='ltr'><strong>rubrica</strong></span> 
     </span>
     <span class='ocr_line' id='line_1_21' title="bbox 335 2344 1346 2427; baseline 0.002 -17"><span class='ocrx_word' id='word_1_136' title='bbox 335 2344 504 2427; x_wconf 75' lang='lat' dir='ltr'><strong>picta,</strong></span> <span class='ocrx_word' id='word_1_137' title='bbox 535 2371 625 2412; x_wconf 83' lang='lat' dir='ltr'><strong>aut</strong></span> <span class='ocrx_word' id='word_1_138' title='bbox 653 2361 947 2414; x_wconf 85' lang='lat' dir='ltr'><strong>carbone.</strong></span> <span class='ocrx_word' id='word_1_139' title='bbox 984 2360 1054 2413; x_wconf 86' lang='lat' dir='ltr'><strong>H.</strong></span> <span class='ocrx_word' id='word_1_140' title='bbox 1090 2391 1170 2403; x_wconf 89' lang='lat'><strong>--</strong></span> <span class='ocrx_word' id='word_1_141' title='bbox 1195 2361 1346 2424; x_wconf 78' lang='lat' dir='ltr'><strong>Ideo,</strong></span> 
     </span>
    </p>
   </div>
   <div class='ocr_carea' id='block_1_5' title="bbox 331 2437 1350 4098">
    <p class='ocr_par' dir='ltr' id='par_1_7' title="bbox 333 2437 1345 2572">
     <span class='ocr_line' id='line_1_22' title="bbox 333 2437 1345 2512; baseline 0.004 -22"><span class='ocrx_word' id='word_1_142' title='bbox 333 2450 433 2491; x_wconf 85' lang='lat' dir='ltr'><strong>etc.</strong></span> <span class='ocrx_word' id='word_1_143' title='bbox 447 2439 650 2492; x_wconf 86' lang='lat' dir='ltr'><strong>Broter.</strong></span> <span class='ocrx_word' id='word_1_144' title='bbox 681 2459 746 2493; x_wconf 85' lang='lat' dir='ltr'><strong>ex</strong></span> <span class='ocrx_word' id='word_1_145' title='bbox 773 2441 939 2512; x_wconf 79' lang='lat' dir='ltr'><strong>Regg.</strong></span> <span class='ocrx_word' id='word_1_146' title='bbox 968 2437 1122 2493; x_wconf 89' lang='lat' dir='ltr'><strong>codd.</strong></span> <span class='ocrx_word' id='word_1_147' title='bbox 1151 2461 1178 2494; x_wconf 97' lang='grc'><strong>3</strong></span> <span class='ocrx_word' id='word_1_148' title='bbox 1211 2452 1266 2492; x_wconf 87' lang='lat' dir='ltr'><strong>et</strong></span> <span class='ocrx_word' id='word_1_149' title='bbox 1289 2440 1345 2506; x_wconf 96' lang='grc'><strong>3,</strong></span> 
     </span>
     <span class='ocr_line' id='line_1_23' title="bbox 333 2517 664 2572; baseline 0.009 -4"><span class='ocrx_word' id='word_1_150' title='bbox 333 2517 521 2570; x_wconf 65' lang='grc' dir='ltr'><strong>ἰδοὺ-ω.</strong></span> <span class='ocrx_word' id='word_1_151' title='bbox 557 2519 664 2572; x_wconf 79' lang='lat' dir='ltr'><strong>En.</strong></span> 
     </span>
    </p>

    <p class='ocr_par' dir='ltr' id='par_1_8' title="bbox 331 2594 1339 2748">
     <span class='ocr_line' id='line_1_24' title="bbox 415 2594 1339 2666; baseline 0 -15"><span class='ocrx_word' id='word_1_152' title='bbox 415 2599 464 2651; x_wconf 89' lang='grc'><strong>3.</strong></span> <span class='ocrx_word' id='word_1_153' title='bbox 497 2594 609 2649; x_wconf 82' lang='lat' dir='ltr'><strong>Suis</strong></span> <span class='ocrx_word' id='word_1_154' title='bbox 632 2598 746 2650; x_wconf 81' lang='lat' dir='ltr'><strong>Iocis</strong></span> <span class='ocrx_word' id='word_1_155' title='bbox 767 2598 939 2650; x_wconf 72' lang='lat' dir='ltr'><strong>dicam.</strong></span> <span class='ocrx_word' id='word_1_156' title='bbox 963 2597 1082 2651; x_wconf 90' lang='lat' dir='ltr'><strong>Lib.</strong></span> <span class='ocrx_word' id='word_1_157' title='bbox 1106 2597 1339 2666; x_wconf 70' lang='lat' dir='ltr'><strong>XXXV,</strong></span> 
     </span>
     <span class='ocr_line' id='line_1_25' title="bbox 331 2677 873 2748; baseline 0.004 -21"><span class='ocrx_word' id='word_1_158' title='bbox 331 2692 449 2746; x_wconf 82' lang='lat' dir='ltr'><strong>cap.</strong></span> <span class='ocrx_word' id='word_1_159' title='bbox 481 2677 552 2731; x_wconf 77' lang='lat'><strong>13</strong></span> <span class='ocrx_word' id='word_1_160' title='bbox 580 2695 657 2748; x_wconf 82' lang='lat' dir='ltr'><strong>sq.</strong></span> <span class='ocrx_word' id='word_1_161' title='bbox 692 2677 873 2731; x_wconf 63' lang='lat' dir='ltr'><strong>Han.</strong></span> 
     </span>
    </p>

    <p class='ocr_par' dir='ltr' id='par_1_9' title="bbox 334 2757 1347 2982">
     <span class='ocr_line' id='line_1_26' title="bbox 416 2757 1341 2821; baseline 0.003 -15"><span class='ocrx_word' id='word_1_162' title='bbox 416 2761 466 2816; x_wconf 72' lang='grc'><strong>4.</strong></span> <span class='ocrx_word' id='word_1_163' title='bbox 523 2757 734 2807; x_wconf 79' lang='lat' dir='ltr'><strong>Nummi.</strong></span> <span class='ocrx_word' id='word_1_164' title='bbox 786 2757 903 2808; x_wconf 83' lang='lat' dir='ltr'><strong>Hoc</strong></span> <span class='ocrx_word' id='word_1_165' title='bbox 961 2769 1067 2821; x_wconf 83' lang='lat' dir='ltr'><strong>est,</strong></span> <span class='ocrx_word' id='word_1_166' title='bbox 1119 2757 1341 2810; x_wconf 80' lang='lat' dir='ltr'><strong>sestertii</strong></span> 
     </span>
     <span class='ocr_line' id='line_1_27' title="bbox 334 2834 1347 2905; baseline 0.004 -20"><span class='ocrx_word' id='word_1_167' title='bbox 334 2834 714 2905; x_wconf 79' lang='lat' dir='ltr'><strong>qninquaginta</strong></span> <span class='ocrx_word' id='word_1_168' title='bbox 740 2835 795 2886; x_wconf 87' lang='lat' dir='ltr'><strong>in</strong></span> <span class='ocrx_word' id='word_1_169' title='bbox 815 2834 975 2886; x_wconf 88' lang='lat' dir='ltr'><strong>libras</strong></span> <span class='ocrx_word' id='word_1_170' title='bbox 995 2835 1244 2905; x_wconf 81' lang='lat' dir='ltr'><strong>singulas.</strong></span> <span class='ocrx_word' id='word_1_171' title='bbox 1273 2837 1347 2889; x_wconf 89' lang='lat' dir='ltr'><strong>H.</strong></span> 
     </span>
     <span class='ocr_line' id='line_1_28' title="bbox 337 2913 1344 2982; baseline 0.003 -17"><span class='ocrx_word' id='word_1_172' title='bbox 337 2913 632 2966; x_wconf 77' lang='lat' dir='ltr'><strong>——Gallicae</strong></span> <span class='ocrx_word' id='word_1_173' title='bbox 657 2923 881 2965; x_wconf 67' lang='lat' dir='ltr'><strong>monetae</strong></span> <span class='ocrx_word' id='word_1_174' title='bbox 899 2913 994 2966; x_wconf 88' lang='lat' dir='ltr'><strong>lib.</strong></span> <span class='ocrx_word' id='word_1_175' title='bbox 1010 2927 1136 2966; x_wconf 89' lang='lat' dir='ltr'><strong>sunt</strong></span> <span class='ocrx_word' id='word_1_176' title='bbox 1167 2933 1220 2982; x_wconf 89' lang='lat'><strong>9.</strong></span> <span class='ocrx_word' id='word_1_177' title='bbox 1240 2915 1344 2968; x_wconf 86' lang='lat' dir='ltr'><strong>En.</strong></span> 
     </span>
    </p>

    <p class='ocr_par' dir='ltr' id='par_1_10' title="bbox 333 2991 1349 3779">
     <span class='ocr_line' id='line_1_29' title="bbox 417 2991 1347 3046; baseline 0.003 -3"><span class='ocrx_word' id='word_1_178' title='bbox 417 2991 787 3044; x_wconf 76' lang='lat' dir='ltr'><strong>XL.1.Juba</strong></span> <span class='ocrx_word' id='word_1_179' title='bbox 825 2994 1017 3046; x_wconf 77' lang='lat' dir='ltr'><strong>mc&#39;m&#39;um</strong></span> <span class='ocrx_word' id='word_1_180' title='bbox 1059 2997 1190 3045; x_wconf 80' lang='lat' dir='ltr'><strong>nasci</strong></span> <span class='ocrx_word' id='word_1_181' title='bbox 1225 3005 1272 3045; x_wconf 74' lang='lat' dir='ltr'><strong>et</strong></span> <span class='ocrx_word' id='word_1_182' title='bbox 1297 2997 1347 3046; x_wconf 77' lang='lat' dir='ltr'><strong>in</strong></span> 
     </span>
     <span class='ocr_line' id='line_1_30' title="bbox 339 3072 1348 3140; baseline 0 -15"><span class='ocrx_word' id='word_1_183' title='bbox 339 3073 602 3126; x_wconf 72' lang='lat' dir='ltr'><strong>Carmania</strong></span> <span class='ocrx_word' id='word_1_184' title='bbox 649 3072 829 3134; x_wconf 73' lang='lat' dir='ltr'><strong>malit,-</strong></span> <span class='ocrx_word' id='word_1_185' title='bbox 871 3072 1193 3140; x_wconf 76' lang='lat' dir='ltr'><strong>Hermogenes</strong></span> <span class='ocrx_word' id='word_1_186' title='bbox 1221 3085 1268 3124; x_wconf 80' lang='lat' dir='ltr'><strong>et</strong></span> <span class='ocrx_word' id='word_1_187' title='bbox 1296 3077 1348 3125; x_wconf 81' lang='lat' dir='ltr'><strong>in</strong></span> 
     </span>
     <span class='ocr_line' id='line_1_31' title="bbox 337 3147 1348 3222; baseline 0.001 -18"><span class='ocrx_word' id='word_1_188' title='bbox 337 3151 592 3222; x_wconf 77' lang='lat' dir='ltr'><strong>AEtlu’opia</strong></span> <span class='ocrx_word' id='word_1_189' title='bbox 615 3147 710 3214; x_wconf 85' lang='lat' dir='ltr'><strong>(sic</strong></span> <span class='ocrx_word' id='word_1_190' title='bbox 723 3149 892 3215; x_wconf 89' lang='lat' dir='ltr'><strong>olim).</strong></span> <span class='ocrx_word' id='word_1_191' title='bbox 913 3151 1148 3206; x_wconf 86' lang='lat' dir='ltr'><strong>Scribe.&#39;</strong></span> <span class='ocrx_word' id='word_1_192' title='bbox 1159 3165 1266 3205; x_wconf 76' lang='lat' dir='ltr'><strong>«et</strong></span> <span class='ocrx_word' id='word_1_193' title='bbox 1289 3153 1348 3206; x_wconf 90' lang='lat' dir='ltr'><strong>in</strong></span> 
     </span>
     <span class='ocr_line' id='line_1_32' title="bbox 334 3231 1347 3304; baseline 0.002 -20"><span class='ocrx_word' id='word_1_194' title='bbox 334 3232 610 3284; x_wconf 83' lang='lat' dir='ltr'><strong>Carmania</strong></span> <span class='ocrx_word' id='word_1_195' title='bbox 641 3233 785 3285; x_wconf 84' lang='lat' dir='ltr'><strong>nasci</strong></span> <span class='ocrx_word' id='word_1_196' title='bbox 811 3231 1002 3296; x_wconf 83' lang='lat' dir='ltr'><strong>tradit,</strong></span> <span class='ocrx_word' id='word_1_197' title='bbox 1027 3231 1347 3304; x_wconf 80' lang='lat' dir='ltr'><strong>Timagenes</strong></span> 
     </span>
     <span class='ocr_line' id='line_1_33' title="bbox 335 3310 1347 3381; baseline 0.004 -20"><span class='ocrx_word' id='word_1_198' title='bbox 335 3311 388 3362; x_wconf 88' lang='lat' dir='ltr'><strong>in</strong></span> <span class='ocrx_word' id='word_1_199' title='bbox 417 3310 762 3381; x_wconf 82' lang='lat' dir='ltr'><strong>AEthiopia.·</strong></span> <span class='ocrx_word' id='word_1_200' title='bbox 799 3311 1050 3365; x_wconf 82' lang='lat' dir='ltr'><strong>Nobilem</strong></span> <span class='ocrx_word' id='word_1_201' title='bbox 1075 3311 1347 3365; x_wconf 82' lang='lat' dir='ltr'><strong>rhetorem</strong></span> 
     </span>
     <span class='ocr_line' id='line_1_34' title="bbox 335 3389 1348 3457; baseline 0.003 -16"><span class='ocrx_word' id='word_1_202' title='bbox 335 3403 384 3442; x_wconf 88' lang='lat' dir='ltr'><strong>et</strong></span> <span class='ocrx_word' id='word_1_203' title='bbox 418 3390 728 3444; x_wconf 82' lang='lat' dir='ltr'><strong>historicum</strong></span> <span class='ocrx_word' id='word_1_204' title='bbox 761 3389 1206 3457; x_wconf 80' lang='lat' dir='ltr'><strong>Alexandrinum,</strong></span> <span class='ocrx_word' id='word_1_205' title='bbox 1229 3392 1348 3446; x_wconf 71' lang='lat' dir='ltr'><strong>Asi-</strong></span> 
     </span>
     <span class='ocr_line' id='line_1_35' title="bbox 335 3469 1347 3524; baseline 0.003 -3"><span class='ocrx_word' id='word_1_206' title='bbox 335 3469 408 3522; x_wconf 82' lang='lat' dir='ltr'><strong>nii</strong></span> <span class='ocrx_word' id='word_1_207' title='bbox 444 3469 701 3524; x_wconf 84' lang='lat' dir='ltr'><strong>Pollionis</strong></span> <span class='ocrx_word' id='word_1_208' title='bbox 731 3471 1162 3524; x_wconf 85' lang='lat' dir='ltr'><strong>contubernalem</strong></span> <span class='ocrx_word' id='word_1_209' title='bbox 1193 3472 1347 3524; x_wconf 88' lang='lat' dir='ltr'><strong>intel-</strong></span> 
     </span>
     <span class='ocr_line' id='line_1_36' title="bbox 333 3541 1348 3620; baseline 0.005 -21"><span class='ocrx_word' id='word_1_210' title='bbox 333 3549 451 3620; x_wconf 79' lang='lat' dir='ltr'><strong>lige.</strong></span> <span class='ocrx_word' id='word_1_211' title='bbox 493 3549 645 3602; x_wconf 82' lang='lat' dir='ltr'><strong>Idem</strong></span> <span class='ocrx_word' id='word_1_212' title='bbox 681 3551 879 3620; x_wconf 88' lang='lat' dir='ltr'><strong>reperit</strong></span> <span class='ocrx_word' id='word_1_213' title='bbox 917 3551 974 3602; x_wconf 89' lang='lat' dir='ltr'><strong>in</strong></span> <span class='ocrx_word' id='word_1_214' title='bbox 1017 3569 1114 3602; x_wconf 91' lang='lat' dir='ltr'><strong>suo</strong></span> <span class='ocrx_word' id='word_1_215' title='bbox 1161 3541 1348 3604; x_wconf 85' lang='lat' dir='ltr'><strong>codice</strong></span> 
     </span>
     <span class='ocr_line' id='line_1_37' title="bbox 335 3628 1349 3683; baseline 0.004 -5"><span class='ocrx_word' id='word_1_216' title='bbox 335 3629 648 3683; x_wconf 85' lang='lat' dir='ltr'><strong>Pintianus:</strong></span> <span class='ocrx_word' id='word_1_217' title='bbox 689 3629 782 3682; x_wconf 88' lang='lat' dir='ltr'><strong>sed</strong></span> <span class='ocrx_word' id='word_1_218' title='bbox 827 3630 964 3682; x_wconf 82' lang='lat' dir='ltr'><strong>male</strong></span> <span class='ocrx_word' id='word_1_219' title='bbox 1007 3628 1349 3682; x_wconf 81' lang='lat' dir='ltr'><strong>scribendum</strong></span> 
     </span>
     <span class='ocr_line' id='line_1_38' title="bbox 335 3705 1244 3779; baseline 0.002 -21"><span class='ocrx_word' id='word_1_220' title='bbox 335 3711 594 3779; x_wconf 80' lang='lat' dir='ltr'><strong>conjectat</strong></span> <span class='ocrx_word' id='word_1_221' title='bbox 623 3705 776 3772; x_wconf 79' lang='lat' dir='ltr'><strong>inde,</strong></span> <span class='ocrx_word' id='word_1_222' title='bbox 813 3709 1034 3761; x_wconf 78' lang='lat' dir='ltr'><strong>Timaeus.</strong></span> <span class='ocrx_word' id='word_1_223' title='bbox 1059 3708 1244 3761; x_wconf 73' lang='lat' dir='ltr'><strong>Gnon.</strong></span> 
     </span>
    </p>

    <p class='ocr_par' dir='ltr' id='par_1_11' title="bbox 335 3786 1350 4098">
     <span class='ocr_line' id='line_1_39' title="bbox 413 3786 1349 3858; baseline 0.001 -18"><span class='ocrx_word' id='word_1_224' title='bbox 413 3807 460 3840; x_wconf 89' lang='grc'><strong>3.</strong></span> <span class='ocrx_word' id='word_1_225' title='bbox 495 3791 795 3858; x_wconf 75' lang='lat' dir='ltr'><strong>Ta&#39;magenes.</strong></span> <span class='ocrx_word' id='word_1_226' title='bbox 833 3789 913 3841; x_wconf 86' lang='lat' dir='ltr'><strong>De</strong></span> <span class='ocrx_word' id='word_1_227' title='bbox 948 3806 1012 3840; x_wconf 84' lang='lat' dir='ltr'><strong>eo</strong></span> <span class='ocrx_word' id='word_1_228' title='bbox 1039 3786 1268 3841; x_wconf 78' lang='lat' dir='ltr'><strong>diximus</strong></span> <span class='ocrx_word' id='word_1_229' title='bbox 1295 3789 1349 3841; x_wconf 85' lang='lat' dir='ltr'><strong>in</strong></span> 
     </span>
     <span class='ocr_line' id='line_1_40' title="bbox 335 3865 1350 3938; baseline 0.003 -20"><span class='ocrx_word' id='word_1_230' title='bbox 335 3881 606 3921; x_wconf 80' lang='lat' dir='ltr'><strong>auctorum</strong></span> <span class='ocrx_word' id='word_1_231' title='bbox 627 3865 827 3920; x_wconf 88' lang='lat' dir='ltr'><strong>Indice.</strong></span> <span class='ocrx_word' id='word_1_232' title='bbox 851 3865 939 3920; x_wconf 82' lang='lat' dir='ltr'><strong>sic</strong></span> <span class='ocrx_word' id='word_1_233' title='bbox 959 3886 1125 3938; x_wconf 81' lang='lat' dir='ltr'><strong>porro</strong></span> <span class='ocrx_word' id='word_1_234' title='bbox 1142 3865 1350 3921; x_wconf 84' lang='lat' dir='ltr'><strong>codices</strong></span> 
     </span>
     <span class='ocr_line' id='line_1_41' title="bbox 335 3947 1350 4018; baseline 0.004 -22"><span class='ocrx_word' id='word_1_235' title='bbox 335 3947 487 3998; x_wconf 73' lang='lat' dir='ltr'><strong>MSS.</strong></span> <span class='ocrx_word' id='word_1_236' title='bbox 514 3949 641 4018; x_wconf 71' lang='lat' dir='ltr'><strong>Reg.</strong></span> <span class='ocrx_word' id='word_1_237' title='bbox 669 3967 698 4002; x_wconf 88' lang='grc'><strong>3</strong></span> <span class='ocrx_word' id='word_1_238' title='bbox 721 3988 734 4012; x_wconf 93' lang='grc'><strong><em>,</em></strong></span> <span class='ocrx_word' id='word_1_239' title='bbox 755 3958 808 4001; x_wconf 88' lang='lat' dir='ltr'><strong>et</strong></span> <span class='ocrx_word' id='word_1_240' title='bbox 829 3947 1058 4002; x_wconf 82' lang='lat' dir='ltr'><strong>Pintiani</strong></span> <span class='ocrx_word' id='word_1_241' title='bbox 1087 3965 1260 4008; x_wconf 88' lang='lat' dir='ltr'><strong>:non,</strong></span> <span class='ocrx_word' id='word_1_242' title='bbox 1288 3960 1350 4001; x_wconf 88' lang='lat' dir='ltr'><strong>ut</strong></span> 
     </span>
     <span class='ocr_line' id='line_1_42' title="bbox 337 4022 1046 4098; baseline 0.003 -22"><span class='ocrx_word' id='word_1_243' title='bbox 337 4022 490 4088; x_wconf 85' lang='lat' dir='ltr'><strong>editi,</strong></span> <span class='ocrx_word' id='word_1_244' title='bbox 511 4027 846 4098; x_wconf 68' lang='lat' dir='ltr'><strong>Hermogenes.</strong></span> <span class='ocrx_word' id='word_1_245' title='bbox 867 4027 1046 4084; x_wconf 71' lang='lat' dir='ltr'><strong>Hs‘nn.</strong></span> 
     </span>
    </p>
   </div>
   <div class='ocr_carea' id='block_1_6' title="bbox 1429 1957 2461 2431">
    <p class='ocr_par' dir='ltr' id='par_1_12' title="bbox 1429 1957 2461 2431">
     <span class='ocr_line' id='line_1_43' title="bbox 1519 1957 2461 2030; baseline 0 -18"><span class='ocrx_word' id='word_1_246' title='bbox 1519 1961 1571 2014; x_wconf 89' lang='grc'><strong>3.</strong></span> <span class='ocrx_word' id='word_1_247' title='bbox 1625 1957 1987 2014; x_wconf 72' lang='lat' dir='ltr'><strong>celeberrimum</strong></span> <span class='ocrx_word' id='word_1_248' title='bbox 2041 1979 2103 2012; x_wconf 73' lang='lat' dir='ltr'><strong>ea:</strong></span> <span class='ocrx_word' id='word_1_249' title='bbox 2149 1957 2461 2030; x_wconf 71' lang='lat' dir='ltr'><strong>Sisaponensi</strong></span> 
     </span>
     <span class='ocr_line' id='line_1_44' title="bbox 1443 2037 2456 2112; baseline 0 -19"><span class='ocrx_word' id='word_1_250' title='bbox 1443 2043 1649 2112; x_wconf 75' lang='lat' dir='ltr'><strong>regione.</strong></span> <span class='ocrx_word' id='word_1_251' title='bbox 1690 2039 1869 2094; x_wconf 82' lang='lat' dir='ltr'><strong>Exstat</strong></span> <span class='ocrx_word' id='word_1_252' title='bbox 1912 2037 2087 2092; x_wconf 82' lang='lat' dir='ltr'><strong>adhuc</strong></span> <span class='ocrx_word' id='word_1_253' title='bbox 2133 2039 2189 2093; x_wconf 86' lang='lat' dir='ltr'><strong>in</strong></span> <span class='ocrx_word' id='word_1_254' title='bbox 2233 2039 2425 2093; x_wconf 67' lang='lat' dir='ltr'><strong>Botica</strong></span> <span class='ocrx_word' id='word_1_255' title='bbox 2440 2080 2456 2106; x_wconf 90' lang='lat'><strong>,</strong></span> 
     </span>
     <span class='ocr_line' id='line_1_45' title="bbox 1436 2117 2449 2185; baseline 0 -13"><span class='ocrx_word' id='word_1_256' title='bbox 1436 2119 1796 2185; x_wconf 75' lang='lat' dir='ltr'><strong>I&#39;Aadalomie,</strong></span> <span class='ocrx_word' id='word_1_257' title='bbox 1816 2117 2000 2172; x_wconf 81' lang='lat' dir='ltr'><strong>fodina</strong></span> <span class='ocrx_word' id='word_1_258' title='bbox 2021 2119 2111 2172; x_wconf 85' lang='lat' dir='ltr'><strong>illa</strong></span> <span class='ocrx_word' id='word_1_259' title='bbox 2128 2119 2300 2185; x_wconf 86' lang='lat' dir='ltr'><strong>minii,</strong></span> <span class='ocrx_word' id='word_1_260' title='bbox 2326 2123 2449 2172; x_wconf 72' lang='lat' dir='ltr'><strong>mine</strong></span> 
     </span>
     <span class='ocr_line' id='line_1_46' title="bbox 1429 2197 2449 2269; baseline 0 -17"><span class='ocrx_word' id='word_1_261' title='bbox 1429 2200 1733 2255; x_wconf 75' lang='lat' dir='ltr'><strong>d’Almaden</strong></span> <span class='ocrx_word' id='word_1_262' title='bbox 1749 2238 1766 2264; x_wconf 84' lang='lat'><em>,</em></span> <span class='ocrx_word' id='word_1_263' title='bbox 1826 2199 1977 2269; x_wconf 79' lang='lat' dir='ltr'><strong>cujus</strong></span> <span class='ocrx_word' id='word_1_264' title='bbox 2037 2197 2449 2268; x_wconf 78' lang='lat' dir='ltr'><strong>descriptionem</strong></span> 
     </span>
     <span class='ocr_line' id='line_1_47' title="bbox 1431 2275 2451 2344; baseline -0.003 -10"><span class='ocrx_word' id='word_1_265' title='bbox 1431 2279 1861 2334; x_wconf 58' lang='lat' dir='ltr'><strong>curiosissimum*</strong></span> <span class='ocrx_word' id='word_1_266' title='bbox 1882 2275 2055 2332; x_wconf 86' lang='lat' dir='ltr'><strong>edidit</strong></span> <span class='ocrx_word' id='word_1_267' title='bbox 2085 2277 2167 2330; x_wconf 88' lang='lat' dir='ltr'><strong>Cl.</strong></span> <span class='ocrx_word' id='word_1_268' title='bbox 2200 2277 2451 2344; x_wconf 64' lang='lat' dir='ltr'><strong>Bevus,</strong></span> 
     </span>
     <span class='ocr_line' id='line_1_48' title="bbox 1429 2353 2453 2431; baseline -0.003 -18"><span class='ocrx_word' id='word_1_269' title='bbox 1429 2379 1484 2431; x_wconf 84' lang='lat' dir='ltr'><strong>p.</strong></span> <span class='ocrx_word' id='word_1_270' title='bbox 1514 2359 1607 2428; x_wconf 86' lang='lat'><strong>39,</strong></span> <span class='ocrx_word' id='word_1_271' title='bbox 1638 2377 1716 2430; x_wconf 83' lang='lat' dir='ltr'><strong>sq.</strong></span> <span class='ocrx_word' id='word_1_272' title='bbox 1748 2359 1831 2410; x_wconf 90' lang='lat' dir='ltr'><strong>De</strong></span> <span class='ocrx_word' id='word_1_273' title='bbox 1851 2374 1911 2409; x_wconf 83' lang='lat' dir='ltr'><strong>ea</strong></span> <span class='ocrx_word' id='word_1_274' title='bbox 1938 2375 2150 2429; x_wconf 80' lang='lat' dir='ltr'><strong>quoque</strong></span> <span class='ocrx_word' id='word_1_275' title='bbox 2171 2353 2453 2430; x_wconf 76' lang='lat' dir='ltr'><strong>diligenter</strong></span> 
     </span>
    </p>
   </div>
   <div class='ocr_carea' id='block_1_7' title="bbox 1428 2435 2451 3776">
    <p class='ocr_par' dir='ltr' id='par_1_13' title="bbox 1430 2435 2449 2668">
     <span class='ocr_line' id='line_1_49' title="bbox 1430 2435 2446 2512; baseline -0.003 -19"><span class='ocrx_word' id='word_1_276' title='bbox 1430 2440 1708 2512; x_wconf 84' lang='lat' dir='ltr'><strong>scripserat</strong></span> <span class='ocrx_word' id='word_1_277' title='bbox 1734 2437 1815 2490; x_wconf 92' lang='lat' dir='ltr'><strong>Cl.</strong></span> <span class='ocrx_word' id='word_1_278' title='bbox 1842 2453 1921 2490; x_wconf 73' lang='lat' dir='ltr'><strong>nn</strong></span> <span class='ocrx_word' id='word_1_279' title='bbox 1947 2437 2200 2497; x_wconf 66' lang='lat' dir='ltr'><strong>lumino,</strong></span> <span class='ocrx_word' id='word_1_280' title='bbox 2223 2435 2446 2490; x_wconf 79' lang='lat' dir='ltr'><strong>Me&#39;moir.</strong></span> 
     </span>
     <span class='ocr_line' id='line_1_50' title="bbox 1430 2515 2449 2582; baseline 0 -11"><span class='ocrx_word' id='word_1_281' title='bbox 1430 2519 1491 2571; x_wconf 82' lang='lat' dir='ltr'><strong>de</strong></span> <span class='ocrx_word' id='word_1_282' title='bbox 1538 2516 1843 2570; x_wconf 72' lang='lat' dir='ltr'><strong>I&#39;Aoade&#39;mt&#39;e</strong></span> <span class='ocrx_word' id='word_1_283' title='bbox 1890 2516 1975 2569; x_wconf 76' lang='lat' dir='ltr'><strong>des</strong></span> <span class='ocrx_word' id='word_1_284' title='bbox 2016 2515 2265 2582; x_wconf 77' lang='lat' dir='ltr'><strong>Scienees,</strong></span> <span class='ocrx_word' id='word_1_285' title='bbox 2322 2533 2449 2572; x_wconf 79' lang='lat' dir='ltr'><strong>ann.</strong></span> 
     </span>
     <span class='ocr_line' id='line_1_51' title="bbox 1439 2597 1798 2668; baseline -0.011 -17"><span class='ocrx_word' id='word_1_286' title='bbox 1439 2615 1599 2668; x_wconf 87' lang='lat'><strong>1709.</strong></span> <span class='ocrx_word' id='word_1_287' title='bbox 1632 2597 1798 2648; x_wconf 74' lang='lat' dir='ltr'><strong>Bnor.</strong></span> 
     </span>
    </p>

    <p class='ocr_par' dir='ltr' id='par_1_14' title="bbox 1428 2673 2451 3700">
     <span class='ocr_line' id='line_1_52' title="bbox 1514 2673 2449 2745; baseline 0.001 -17"><span class='ocrx_word' id='word_1_288' title='bbox 1514 2683 1565 2740; x_wconf 73' lang='grc'><strong>4.</strong></span> <span class='ocrx_word' id='word_1_289' title='bbox 1582 2676 1695 2729; x_wconf 84' lang='lat' dir='ltr'><strong>Non</strong></span> <span class='ocrx_word' id='word_1_290' title='bbox 1712 2675 1825 2726; x_wconf 76' lang='lat' dir='ltr'><strong>licet</strong></span> <span class='ocrx_word' id='word_1_291' title='bbox 1836 2673 1893 2726; x_wconf 81' lang='lat' dir='ltr'><strong>id</strong></span> <span class='ocrx_word' id='word_1_292' title='bbox 1908 2675 1976 2726; x_wconf 77' lang='lat' dir='ltr'><strong>ibi</strong></span> <span class='ocrx_word' id='word_1_293' title='bbox 1984 2673 2449 2745; x_wconf 72' lang='lat' dir='ltr'><strong>petfieere.Vitrnv.</strong></span> 
     </span>
     <span class='ocr_line' id='line_1_53' title="bbox 1434 2754 2448 2825; baseline 0.002 -19"><span class='ocrx_word' id='word_1_294' title='bbox 1434 2757 1561 2820; x_wconf 87' lang='lat' dir='ltr'><strong>VH,</strong></span> <span class='ocrx_word' id='word_1_295' title='bbox 1585 2774 1618 2825; x_wconf 87' lang='lat'><strong>9</strong></span> <span class='ocrx_word' id='word_1_296' title='bbox 1640 2793 1655 2819; x_wconf 87' lang='lat'>‚</span> <span class='ocrx_word' id='word_1_297' title='bbox 1678 2771 1797 2824; x_wconf 81' lang='lat' dir='ltr'><strong>pag.</strong></span> <span class='ocrx_word' id='word_1_298' title='bbox 1823 2759 1925 2816; x_wconf 73' lang='lat'><strong>142</strong></span> <span class='ocrx_word' id='word_1_299' title='bbox 1952 2771 1965 2806; x_wconf 92' lang='lat'><strong>:</strong></span> <span class='ocrx_word' id='word_1_300' title='bbox 1999 2754 2169 2818; x_wconf 71' lang='lat' dir='ltr'><strong>uQuae</strong></span> <span class='ocrx_word' id='word_1_301' title='bbox 2188 2765 2367 2807; x_wconf 85' lang='lat' dir='ltr'><strong>antem</strong></span> <span class='ocrx_word' id='word_1_302' title='bbox 2391 2755 2448 2808; x_wconf 90' lang='lat' dir='ltr'><strong>in</strong></span> 
     </span>
     <span class='ocr_line' id='line_1_54' title="bbox 1428 2832 2451 2907; baseline -0.002 -19"><span class='ocrx_word' id='word_1_303' title='bbox 1428 2834 1785 2907; x_wconf 83' lang='lat' dir='ltr'><strong>Ephesiorum</strong></span> <span class='ocrx_word' id='word_1_304' title='bbox 1820 2832 2042 2886; x_wconf 81' lang='lat' dir='ltr'><strong>metallis</strong></span> <span class='ocrx_word' id='word_1_305' title='bbox 2082 2833 2299 2888; x_wconf 84' lang='lat' dir='ltr'><strong>fuerunt</strong></span> <span class='ocrx_word' id='word_1_306' title='bbox 2335 2833 2451 2886; x_wconf 78' lang='lat' dir='ltr'><strong>offl-</strong></span> 
     </span>
     <span class='ocr_line' id='line_1_55' title="bbox 1431 2909 2448 2983; baseline 0 -15"><span class='ocrx_word' id='word_1_307' title='bbox 1431 2916 1589 2978; x_wconf 74' lang='lat' dir='ltr'><strong>cinae,</strong></span> <span class='ocrx_word' id='word_1_308' title='bbox 1615 2931 1762 2966; x_wconf 88' lang='lat' dir='ltr'><strong>nunc</strong></span> <span class='ocrx_word' id='word_1_309' title='bbox 1782 2914 2017 2983; x_wconf 68' lang='lat' dir='ltr'><strong>trajecto</strong></span> <span class='ocrx_word' id='word_1_310' title='bbox 2038 2925 2160 2964; x_wconf 80' lang='lat' dir='ltr'><strong>sunt</strong></span> <span class='ocrx_word' id='word_1_311' title='bbox 2182 2909 2307 2965; x_wconf 89' lang='lat' dir='ltr'><strong>ideo</strong></span> <span class='ocrx_word' id='word_1_312' title='bbox 2339 2913 2448 2968; x_wconf 68' lang='lat' dir='ltr'><strong>Ro-</strong></span> 
     </span>
     <span class='ocr_line' id='line_1_56' title="bbox 1431 2989 2449 3063; baseline -0.002 -15"><span class='ocrx_word' id='word_1_313' title='bbox 1431 3013 1600 3058; x_wconf 78' lang='lat' dir='ltr'><strong>mam,</strong></span> <span class='ocrx_word' id='word_1_314' title='bbox 1634 2989 1779 3063; x_wconf 85' lang='lat' dir='ltr'><strong>qnod</strong></span> <span class='ocrx_word' id='word_1_315' title='bbox 1813 2989 1869 3042; x_wconf 88' lang='lat' dir='ltr'><strong>id</strong></span> <span class='ocrx_word' id='word_1_316' title='bbox 1899 3009 2065 3062; x_wconf 80' lang='lat' dir='ltr'><strong>genus</strong></span> <span class='ocrx_word' id='word_1_317' title='bbox 2090 3007 2237 3044; x_wconf 67' lang='lat' dir='ltr'><strong>veno</strong></span> <span class='ocrx_word' id='word_1_318' title='bbox 2265 3003 2449 3063; x_wconf 84' lang='lat' dir='ltr'><strong>postea</strong></span> 
     </span>
     <span class='ocr_line' id='line_1_57' title="bbox 1431 3070 2445 3141; baseline 0 -15"><span class='ocrx_word' id='word_1_319' title='bbox 1431 3086 1509 3128; x_wconf 85' lang='lat' dir='ltr'><strong>est</strong></span> <span class='ocrx_word' id='word_1_320' title='bbox 1530 3075 1804 3127; x_wconf 82' lang='lat' dir='ltr'><strong>inventum</strong></span> <span class='ocrx_word' id='word_1_321' title='bbox 1826 3070 2092 3141; x_wconf 63' lang='lat' dir='ltr'><strong>Hispania</strong></span> <span class='ocrx_word' id='word_1_322' title='bbox 2106 3071 2410 3140; x_wconf 78' lang='lat' dir='ltr'><strong>regionibus</strong></span> <span class='ocrx_word' id='word_1_323' title='bbox 2426 3091 2445 3139; x_wconf 89' lang='lat'>;</span> 
     </span>
     <span class='ocr_line' id='line_1_58' title="bbox 1431 3150 2449 3225; baseline -0.002 -19"><span class='ocrx_word' id='word_1_324' title='bbox 1431 3171 1497 3206; x_wconf 83' lang='lat' dir='ltr'><strong>ex</strong></span> <span class='ocrx_word' id='word_1_325' title='bbox 1527 3169 1754 3225; x_wconf 87' lang='lat' dir='ltr'><strong>quarum</strong></span> <span class='ocrx_word' id='word_1_326' title='bbox 1785 3150 2010 3203; x_wconf 80' lang='lat' dir='ltr'><strong>metallis</strong></span> <span class='ocrx_word' id='word_1_327' title='bbox 2042 3150 2205 3221; x_wconf 72' lang='lat' dir='ltr'><strong>glebae</strong></span> <span class='ocrx_word' id='word_1_328' title='bbox 2234 3163 2449 3224; x_wconf 84' lang='lat' dir='ltr'><strong>portan-</strong></span> 
     </span>
     <span class='ocr_line' id='line_1_59' title="bbox 1430 3228 2450 3301; baseline -0.01 -15"><span class='ocrx_word' id='word_1_329' title='bbox 1430 3246 1536 3298; x_wconf 86' lang='lat' dir='ltr'><strong>tur,</strong></span> <span class='ocrx_word' id='word_1_330' title='bbox 1572 3244 1623 3284; x_wconf 88' lang='lat' dir='ltr'><strong>et</strong></span> <span class='ocrx_word' id='word_1_331' title='bbox 1664 3249 1761 3301; x_wconf 84' lang='lat' dir='ltr'><strong>per</strong></span> <span class='ocrx_word' id='word_1_332' title='bbox 1795 3228 2107 3300; x_wconf 77' lang='lat' dir='ltr'><strong>publicanos</strong></span> <span class='ocrx_word' id='word_1_333' title='bbox 2144 3231 2327 3284; x_wconf 76' lang='lat' dir='ltr'><strong>Romae</strong></span> <span class='ocrx_word' id='word_1_334' title='bbox 2360 3250 2450 3286; x_wconf 72' lang='lat' dir='ltr'><strong>cn.</strong></span> 
     </span>
     <span class='ocr_line' id='line_1_60' title="bbox 1429 3309 2451 3366; baseline -0.001 0"><span class='ocrx_word' id='word_1_335' title='bbox 1429 3325 1631 3366; x_wconf 87' lang='lat' dir='ltr'><strong>rantur.</strong></span> <span class='ocrx_word' id='word_1_336' title='bbox 1652 3309 1742 3364; x_wconf 60' lang='lat' dir='ltr'><strong>Ea!</strong></span> <span class='ocrx_word' id='word_1_337' title='bbox 1762 3321 1937 3361; x_wconf 86' lang='lat' dir='ltr'><strong>autem</strong></span> <span class='ocrx_word' id='word_1_338' title='bbox 1964 3309 2190 3362; x_wconf 66' lang='lat' dir='ltr'><strong>officina</strong></span> <span class='ocrx_word' id='word_1_339' title='bbox 2224 3323 2349 3364; x_wconf 86' lang='lat' dir='ltr'><strong>sunt</strong></span> <span class='ocrx_word' id='word_1_340' title='bbox 2373 3310 2451 3364; x_wconf 90' lang='lat' dir='ltr'><strong>in·</strong></span> 
     </span>
     <span class='ocr_line' id='line_1_61' title="bbox 1432 3387 2449 3456; baseline 0.002 -14"><span class='ocrx_word' id='word_1_341' title='bbox 1432 3403 1515 3444; x_wconf 86' lang='lat' dir='ltr'><strong>ter</strong></span> <span class='ocrx_word' id='word_1_342' title='bbox 1535 3387 1703 3444; x_wconf 66' lang='lat' dir='ltr'><strong>adem</strong></span> <span class='ocrx_word' id='word_1_343' title='bbox 1726 3389 1895 3442; x_wconf 65' lang='lat' dir='ltr'><strong>Flora</strong></span> <span class='ocrx_word' id='word_1_344' title='bbox 1922 3402 1972 3442; x_wconf 86' lang='lat' dir='ltr'><strong>et</strong></span> <span class='ocrx_word' id='word_1_345' title='bbox 2004 3389 2449 3456; x_wconf 84' lang='lat' dir='ltr'><strong>Quirini.·Nem-</strong></span> 
     </span>
     <span class='ocr_line' id='line_1_62' title="bbox 1431 3469 2449 3542; baseline -0.001 -19"><span class='ocrx_word' id='word_1_346' title='bbox 1431 3489 1500 3542; x_wconf 87' lang='lat' dir='ltr'><strong>pe</strong></span> <span class='ocrx_word' id='word_1_347' title='bbox 1524 3469 1671 3523; x_wconf 84' lang='lat' dir='ltr'><strong>urbis</strong></span> <span class='ocrx_word' id='word_1_348' title='bbox 1700 3470 1880 3522; x_wconf 76' lang='lat' dir='ltr'><strong>Romae</strong></span> <span class='ocrx_word' id='word_1_349' title='bbox 1916 3469 2135 3540; x_wconf 86' lang='lat' dir='ltr'><strong>regione</strong></span> <span class='ocrx_word' id='word_1_350' title='bbox 2155 3481 2297 3524; x_wconf 81' lang='lat' dir='ltr'><strong>sexta</strong></span> <span class='ocrx_word' id='word_1_351' title='bbox 2315 3509 2329 3533; x_wconf 91' lang='lat'>,</span> <span class='ocrx_word' id='word_1_352' title='bbox 2352 3469 2449 3522; x_wconf 83' lang='lat' dir='ltr'><strong>ubi</strong></span> 
     </span>
     <span class='ocr_line' id='line_1_63' title="bbox 1431 3547 2451 3618; baseline -0.002 -16"><span class='ocrx_word' id='word_1_353' title='bbox 1431 3549 1493 3603; x_wconf 87' lang='lat' dir='ltr'><strong>P.</strong></span> <span class='ocrx_word' id='word_1_354' title='bbox 1510 3550 1699 3603; x_wconf 86' lang='lat' dir='ltr'><strong>Victor</strong></span> <span class='ocrx_word' id='word_1_355' title='bbox 1745 3548 1965 3618; x_wconf 77' lang='lat' dir='ltr'><strong>templum</strong></span> <span class='ocrx_word' id='word_1_356' title='bbox 1999 3547 2166 3602; x_wconf 84' lang='lat' dir='ltr'><strong>Floroe</strong></span> <span class='ocrx_word' id='word_1_357' title='bbox 2193 3549 2335 3602; x_wconf 78' lang='lat' dir='ltr'><strong>loeot</strong></span> <span class='ocrx_word' id='word_1_358' title='bbox 2351 3589 2366 3614; x_wconf 89' lang='lat'><strong>,</strong></span> <span class='ocrx_word' id='word_1_359' title='bbox 2398 3557 2451 3600; x_wconf 86' lang='lat' dir='ltr'><strong>et</strong></span> 
     </span>
     <span class='ocr_line' id='line_1_64' title="bbox 1434 3629 2112 3700; baseline 0.001 -20"><span class='ocrx_word' id='word_1_360' title='bbox 1434 3629 1653 3700; x_wconf 75' lang='lat' dir='ltr'><strong>templum</strong></span> <span class='ocrx_word' id='word_1_361' title='bbox 1683 3629 1894 3699; x_wconf 74' lang='lat' dir='ltr'><strong>Quis-ini.</strong></span> <span class='ocrx_word' id='word_1_362' title='bbox 1932 3629 2112 3682; x_wconf 67' lang='lat' dir='ltr'><strong>Hau).</strong></span> 
     </span>
    </p>

    <p class='ocr_par' dir='ltr' id='par_1_15' title="bbox 1517 3705 2447 3776">
     <span class='ocr_line' id='line_1_65' title="bbox 1517 3705 2447 3776; baseline -0.005 -14"><span class='ocrx_word' id='word_1_363' title='bbox 1517 3709 1569 3762; x_wconf 80' lang='lat'><strong>5.</strong></span> <span class='ocrx_word' id='word_1_364' title='bbox 1614 3709 1878 3776; x_wconf 62' lang='lat' dir='ltr'><strong>Petglbrmr.</strong></span> <span class='ocrx_word' id='word_1_365' title='bbox 1922 3709 2129 3760; x_wconf 84' lang='lat' dir='ltr'><strong>Broter.</strong></span> <span class='ocrx_word' id='word_1_366' title='bbox 2179 3723 2243 3761; x_wconf 84' lang='lat' dir='ltr'><strong>ex</strong></span> <span class='ocrx_word' id='word_1_367' title='bbox 2282 3705 2447 3775; x_wconf 71' lang='lat' dir='ltr'><strong>Regg.</strong></span> 
     </span>
    </p>
   </div>
   <div class='ocr_carea' id='block_1_8' title="bbox 1432 3786 2454 4092">
    <p class='ocr_par' dir='ltr' id='par_1_16' title="bbox 1433 3786 2147 3855">
     <span class='ocr_line' id='line_1_66' title="bbox 1433 3786 2147 3855; baseline -0.011 -13"><span class='ocrx_word' id='word_1_368' title='bbox 1433 3787 1592 3842; x_wconf 81' lang='lat' dir='ltr'><strong>codd.</strong></span> <span class='ocrx_word' id='word_1_369' title='bbox 1627 3807 1679 3853; x_wconf 90' lang='grc'><strong>3,</strong></span> <span class='ocrx_word' id='word_1_370' title='bbox 1712 3787 1765 3854; x_wconf 81' lang='grc'><strong>3,</strong></span> <span class='ocrx_word' id='word_1_371' title='bbox 1788 3788 2014 3855; x_wconf 52' lang='lat' dir='ltr'><strong>defertur.</strong></span> <span class='ocrx_word' id='word_1_372' title='bbox 2042 3786 2147 3838; x_wconf 80' lang='lat' dir='ltr'><strong>En.</strong></span> 
     </span>
    </p>

    <p class='ocr_par' dir='ltr' id='par_1_17' title="bbox 1432 3861 2454 4092">
     <span class='ocr_line' id='line_1_67' title="bbox 1514 3861 2454 3923; baseline -0.009 -1"><span class='ocrx_word' id='word_1_373' title='bbox 1514 3873 1568 3923; x_wconf 83' lang='grc'><strong>6.</strong></span> <span class='ocrx_word' id='word_1_374' title='bbox 1594 3866 1720 3921; x_wconf 63' lang='lat' dir='ltr'><strong>ms,</strong></span> <span class='ocrx_word' id='word_1_375' title='bbox 1739 3867 1846 3920; x_wconf 85' lang='lat' dir='ltr'><strong>LX</strong></span> <span class='ocrx_word' id='word_1_376' title='bbox 1842 3863 1901 3915; x_wconf 74' lang='lat' dir='ltr'><em>X</em></span> <span class='ocrx_word' id='word_1_377' title='bbox 1904 3907 1917 3920; x_wconf 93' lang='lat'><strong>.</strong></span> <span class='ocrx_word' id='word_1_378' title='bbox 1940 3861 2313 3918; x_wconf 84' lang='lat' dir='ltr'><strong>Sestertiorum</strong></span> <span class='ocrx_word' id='word_1_379' title='bbox 2330 3871 2454 3914; x_wconf 73' lang='lat' dir='ltr'><strong>nota</strong></span> 
     </span>
     <span class='ocr_line' id='line_1_68' title="bbox 1432 3939 2451 4001; baseline -0.01 0"><span class='ocrx_word' id='word_1_380' title='bbox 1432 3945 1763 4001; x_wconf 84' lang='lat' dir='ltr'><strong>desideratur</strong></span> <span class='ocrx_word' id='word_1_381' title='bbox 1798 3947 1853 3997; x_wconf 86' lang='lat' dir='ltr'><strong>in</strong></span> <span class='ocrx_word' id='word_1_382' title='bbox 1882 3945 2031 3996; x_wconf 85' lang='lat' dir='ltr'><strong>libris</strong></span> <span class='ocrx_word' id='word_1_383' title='bbox 2054 3943 2305 3994; x_wconf 84' lang='lat' dir='ltr'><strong>hactenns</strong></span> <span class='ocrx_word' id='word_1_384' title='bbox 2338 3939 2451 3993; x_wconf 82' lang='lat' dir='ltr'><strong>edi·</strong></span> 
     </span>
     <span class='ocr_line' id='line_1_69' title="bbox 1434 4019 2451 4092; baseline -0.002 -14"><span class='ocrx_word' id='word_1_385' title='bbox 1434 4029 1527 4090; x_wconf 82' lang='lat' dir='ltr'><strong>tis,</strong></span> <span class='ocrx_word' id='word_1_386' title='bbox 1567 4025 1710 4080; x_wconf 87' lang='lat' dir='ltr'><strong>unde</strong></span> <span class='ocrx_word' id='word_1_387' title='bbox 1735 4023 1941 4077; x_wconf 83' lang='lat' dir='ltr'><strong>divulso</strong></span> <span class='ocrx_word' id='word_1_388' title='bbox 1973 4036 2198 4074; x_wconf 85' lang='lat' dir='ltr'><strong>numero</strong></span> <span class='ocrx_word' id='word_1_389' title='bbox 2228 4019 2451 4092; x_wconf 76' lang='lat' dir='ltr'><strong>quidam</strong></span> 
     </span>
    </p>
   </div>
   <div class='ocr_carea' id='block_1_9' title="bbox 2127 4115 2195 4212">
    <p class='ocr_par' dir='ltr' id='par_1_18' title="bbox 2127 4115 2195 4212">
     <span class='ocr_line' id='line_1_70' title="bbox 2127 4115 2195 4212; baseline 0 -70"><span class='ocrx_word' id='word_1_390' title='bbox 2127 4115 2195 4212; x_wconf 77' lang='lat'><strong>7.</strong></span> 
     </span>
    </p>
   </div>
  </div>
 </body>
</html>
