2975 4684
1075 380 1386 450 LIBER
1435 375 1806 451 xxxv1.
2368 376 2505 473 457

387 527 697 645 possunt,
733 514 902 583 sicut
934 513 1004 582 in
1039 498 1483 583 Ῑιειοειοοιιῐ645
1488 568 1509 601 ,
1544 514 1656 609 qui
1700 527 1801 582 est
1831 514 1901 581 in
1928 512 2061 581 Titi
2094 513 2509 606 imperatoris

386 622 586 691 domo
605 604 656 651 ⁴⁶

659 674 679 707 ,
709 644 878 757 opus
910 619 1217 690 omnibus
1245 634 1314 690 et
1347 621 1660 715 picturae,
1696 632 1763 689 et
1794 620 2122 689 statuariae
2164 620 2322 689 artis
2348 644 2510 715 prae·

385 712 852 823 ponendum&
886 729 988 795 Ex
1009 751 1145 795 uno
1170 725 1386 822 lapide
1415 750 1569 796 eum
1592 740 1659 796 et
1680 711 1985 795 liberos⁴⁸
2012 725 2511 821 draconumque

386 831 715 902 mirabiles
737 856 942 911 nexus
964 833 1048 902 de
1075 832 1325 902 consilii
1350 816 1673 903 sententia
1696 831 1911 901 fecere
1937 832 2178 901 summi
2201 832 2513 916 artifice8‚

384 938 788 1035 Agesander‚
817 954 887 1009 et
911 937 1298 1033 Polydorus»,
1327 954 1392 1011 et
1415 938 1885 1011 Athenodorus
1904 937 2171 1007 Rhodii.
2202 937 2513 1008 Similiter

385 1044 710 1115 Palatinas
715 1033 1036 1177 ⁵domos⁴⁹
1068 1048 1406 1116 Caesarum
1430 1044 1769 1142 replevere
1786 1044 2262 1140 probatissimis
2284 1046 2511 1140 signis„

386 1136 768 1221 Craterus⁵⁰
803 1176 956 1222 cum
1013 1152 1426 1247 Pythodoro,
1477 1152 1862 1247 Polydectes
1908 1174 2061 1219 cum
2110 1150 2470 1221 Hermolao
2489 1204 2509 1237 ‚
2548 1164 2617 1218 2⁵

470 1326 562 1390 45.
598 1325 737 1391 Sicut
768 1329 818 1379 in
848 1329 1134 1391 Laocoonte.
1173 1327 1405 1381 Historia

387 1424 546 1477 quum
587 1406 929 1459 simulacrum
967 1405 1025 1458 id
1073 1406 1314 1471 exhibet,
1343 1424 1408 1459 ex

386 1486 608 1538 Marone
633 1483 952 1555 repetenda,
972 1484 1180 1538 AEneidss
1211 1486 1308 1538 lib.
1331 1485 1405 1539 11.

385 1566 546 1618 Nunc
574 1562 631 1615 in
653 1563 826 1616 hortis
850 1563 1096 1616 Vaticani
1125 1563 1408 1634 pontificiis

387 1652 700 1707 asservatur.
729 1643 901 1714 Negat
941 1654 1116 1695 tamen
1147 1644 1409 1698 Triultius

387 1716 604 1793 quidam
635 1720 690 1773 in
723 1721 870 1774 Actis
896 1720 1246 1777 Eruditorum
1277 1724 1408 1795 Lip-

387 1799 674 1865 siensibus,
693 1818 832 1853 anno
861 1806 1162 1873 1697,pag.
1187 1808 1327 1867 144,
1343 1820 1408 1855 cx

387 1898 500 1933 uno
515 1878 692 1950 lapide
706 1880 1000 1935 confectam
1027 1893 1248 1935 statuam
1262 1882 1408 1935 illam

387 1976 532 2021 esse,
561 1984 584 2007 ιι
606 1960 728 2029 plus
755 1961 932 2013 minus
945 1972 1180 2031 quatuor
1194 1978 1411 2035 compa-

387 2037 599 2109 ginibus
629 2040 838 2093 occulte
867 2040 1264 2094 ferruminatam
1310 2041 1410 2093 cir·

389 2118 770 2190 cumlitumque
809 2138 921 2172 esse
968 2119 1303 2173 contendit.»
1339 2118 1408 2173 Η.

389 2226 469 2237 -—
511 2198 572 2251 In
599 2199 886 2251 Laocoonte.
913 2200 1409 2255 Prostantissimum

389 2274 527 2329 illud
554 2290 954 2331 monumentum
973 2318 990 2344 ,
1015 2280 1074 2331 in
1103 2298 1214 2351 quo
1243 2280 1409 2332 maxi·

391 2374 537 2407 mum
593 2368 670 2408 est
721 2355 921 2410 doloris
977 2370 1029 2411 et
1080 2356 1413 2413 fortitudinis

391 2436 696 2505 exemplum
721 2474 737 2499 ,
783 2437 1034 2491 omnibus
1058 2477 1075 2504 ,
1119 2450 1248 2492 teste
1291 2439 1410 2510 ipso

391 2512 591 2578 Plinio,
617 2527 670 2567 et
684 2514 906 2584 picture
931 2529 983 2570 et
999 2518 1258 2571 statuario
1283 2518 1410 2571 artis

391 2594 755 2647 monumentis
767 2595 1212 2668 praeponsndum,
1229 2600 1412 2651 Romo

389 2672 564 2727 adhuc
594 2674 783 2726 visitur
810 2675 865 2727 in
892 2676 1180 2745 pontificiis
1203 2678 1412 2743 Vatica-

390 2752 449 2803 ni
466 2752 648 2806 hortis.
664 2752 778 2805 Nec
794 2754 964 2806 forte
949 2774 1122 2824 ipsum
1141 2768 1220 2810 est
1240 2774 1414 2808 exem·

391 2831 540 2901 plur,
581 2829 799 2883 duobus
823 2833 966 2884 enim
995 2846 1198 2886 constat
1219 2833 1412 2903 lapidi-

391 2910 522 2972 bus,
541 2908 634 2961 sed
665 2906 826 2961 Plinii
853 2921 1000 2962 oetate
1031 2914 1276 2981 junctura
1313 2932 1412 2983 po·

391 2988 498 3041 tuit
507 3006 618 3040 non
629 3006 903 3058 apparere.
904 2988 1073 3043 Tanta
1088 2990 1187 3043 fuit
1195 2991 1416 3063 hujusce

391 3067 756 3131 monumenti,
784 3068 868 3120 cui
901 3081 1156 3139 quantum
1185 3068 1416 3125 debeant

393 3147 652 3200 restitutus
677 3158 813 3200 artes
840 3148 964 3201 satis
989 3166 1098 3201 non
1130 3162 1306 3221 potest
1331 3150 1418 3213 di„

391 3227 472 3292 ci,
493 3228 611 3279 laus
637 3238 691 3279 et
721 3222 1024 3289 admiratio,
1067 3243 1130 3283 ut
1153 3230 1329 3283 Julius
1355 3232 1413 3283 Π

393 3318 448 3360 et
471 3308 584 3359 Leo
611 3308 662 3359 X
680 3342 697 3369 ,
727 3306 920 3359 artium
949 3308 1289 3362 aestimatores
1319 3328 1411 3381 pe-

391 3386 629 3440 ritissimi
646 3426 662 3451 ,
684 3385 916 3439 fautores
951 3386 1216 3457 magnifici
1232 3428 1248 3454 ,
1275 3389 1414 3442 Feli-

395 3484 509 3519 cem
533 3466 604 3519 de
633 3463 851 3528 Fredis,
893 3465 988 3538 qui
1021 3465 1154 3520 illud
1183 3467 1410 3539 reperit,

393 3542 573 3609 donis,
597 3558 651 3599 et
699 3544 1049 3616 dignitatibus
1089 3548 1414 3602 ornaverint.

392 3624 520 3696 Ejus
532 3642 746 3698 quoque
757 3626 970 3677 tumulo
989 3626 1302 3699 inscriptum
1317 3641 1415 3693 est,

393 3722 534 3757 anno
565 3724 586 3758 ι
603 3706 754 3759 528:
786 3705 932 3771 «Qui
953 3706 1026 3757 ob
1053 3707 1294 3777 proprius
1311 3708 1418 3760 vir-

392 3796 550 3851 tutes,
562 3796 616 3837 et
629 3796 896 3857 repertum
911 3784 1248 3851 Laocoontis,
1269 3784 1416 3858 quod

387 3863 451 3915 'in
463 3864 726 3919 Vaticano
745 3866 944 3930 cernis,
963 3866 1332 3919 simulacrum'
1317 3886 1416 3920 im·

397 3944 769 3998 mortalitatem
807 3946 1024 3998 meruit.
1059 3946 1296 4001 ..Βιοτ
1333 3979 1414 3990 -

397 4020 462 4071 Ιιι
487 4021 676 4078 Museo
705 4025 986 4080 Parisiensi
1012 4025 1414 4081 celeberrimum

1493 1326 1623 1380 artis
1660 1324 1800 1380 illud
1834 1342 1971 1395 opus
2007 1323 2316 1395 aliquandiu
2350 1343 2513 1378 asser·

1496 1418 1679 1459 vatum
1708 1404 1955 1458 vidimus.
1982 1404 2088 1456 En.
2250 1467 2257 1474 ι

1581 1489 1672 1549 46.
1699 1486 1775 1537 In.
1794 1486 1901 1537 Titi
1914 1486 2211 1553 imperatoris
2236 1483 2392 1536 domo.
2405 1483 2513 1537 Titi

1498 1564 1727 1618 thermas
1758 1564 1813 1615 in
1852 1562 2071 1634 regione
2101 1563 2267 1616 Urbis
2305 1562 2459 1616 tertia
2486 1581 2515 1614 a

1498 1644 1561 1695 P.
1600 1643 1821 1697 Victore
1858 1640 2017 1695 video
2048 1642 2298 1695 collocari
2332 1662 2345 1693 ε
2384 1660 2513 1695 num

1497 1724 1689 1793 procul
1703 1721 1830 1775 inde
1850 1721 2043 1774 domus
2059 1722 2318 1789 abfuerit,
2338 1720 2517 1774 adhuc

1498 1802 1906 1873 inexploratum.
1926 1800 2105 1854 Ηιιιιι.
2120 1802 2275 1853 ——In
2304 1802 2411 1854 Tin·
2427 1804 2517 1853 ἰηι-

1492 1885 1733 1953 peratoris
1754 1882 1910 1934 domo.
1937 1883 2002 1933 In
2026 1900 2087 1934 ea
2116 1898 2330 1952 quoque
2351 1878 2517 1933 domo

1500 1963 1649 2031 cujus
1664 2001 1679 2025 ,
1700 1974 1759 2013 ut
1771 1960 2127 2013 Thermarum
2144 1999 2161 2026 ,
2188 1971 2405 2013 manent
2426 1958 2521 2013 ad-

1498 2040 1605 2092 huc
1632 2038 1853 2105 rudera,
1894 2040 2121 2092 inventae
2163 2053 2290 2092 sunt
2316 2052 2521 2092 veteres

1500 2131 1549 2172 et
1574 2119 1969 2190 elegantissimo
1995 2118 2237 2190 pictura,
2272 2136 2401 2190 quas
2424 2117 2519 2171 de-

1496 2197 1717 2253 lineavit
1740 2200 1800 2252 P.
1826 2198 2031 2252 Suus
2049 2200 2294 2253 But-rou
2311 2238 2327 2263 ‚
2354 2210 2409 2251 et
2424 2216 2522 2269 pu-

1499 2278 1716 2333 blicavit
1744 2279 1827 2332 Cl.
1868 2296 1947 2331 mt
1978 2279 2225 2343 Canus,
2254 2289 2319 2330 ut
2351 2278 2519 2333 fusius

1500 2356 1652 2411 dixi·
1635 2376 1693 2410 ιιι
1720 2358 1881 2411 altera
1907 2358 2083 2411 Taciti
2104 2357 2367 2423 editione,
2384 2369 2514 2410 tom.

1500 2438 1573 2502 V,
1596 2456 1654 2508 p.
1684 2436 1815 2491 351.
1843 2438 2011 2491 Bne-r.

1583 2522 1678 2587 47.
1706 2516 2065 2584 Proeserendum
2086 2507 2184 2583 (sic
2206 2512 2391 2588 prius).
2420 2514 2519 2567 1²2-

1500 2614 1621 2648 rum
1666 2594 1926 2648 interest.
1962 2594 2055 2648 sed
2092 2596 2249 2649 Voss.
2296 2608 2350 2648 et
2392 2595 2522 2659 alii,

1494 2674 1881 2746 praeponendum.
1910 2674 2091 2728 Gnox.

1585 2756 1678 2817 48.
1702 2754 1830 2806 Eum
1852 2765 1903 2805 et
1921 2754 2110 2807 liber-oe.
2128 2754 2327 2807 Praeter
2342 2754 2525 2824 Virgi-

1502 2833 1663 2897 lium,
1688 2831 1781 2885 lib.
1810 2833 1869 2885 ΙΙ
1892 2830 2100 2885 AEneid.
2124 2836 2235 2905 ejus
2258 2834 2337 2885 rei
2358 2833 2523 2905 histo-

1504 2912 1637 2965 riam
1678 2910 1928 2965 describit
1954 2912 2250 2983 Eumolpus
2280 2911 2522 2965 luculen-

1504 2991 1721 3044 tissimis
1767 2992 2006 3043 versibus
2046 2992 2111 3043 in'
2152 2992 2337 3063 Satyra
2380 2990 2524 3063 apud

1503 3070 1831 3123 Petronium.
1866 3072 2002 3123 Dat..

1590 3157 1679 3218 49.
1703 3149 1959 3201 Palate’nas
1970 3150 2149 3203 domos.
2170 3148 2398 3203 AEdihus
2414 3152 2527 3207 Co·

1503 3248 1679 3282 sarum
1704 3246 1899 3283 nomen
1912 3228 2061 3283 dedit
2075 3230 2337 3283 Palatinus
2350 3248 2523 3295 mons,

1502 3310 1560 3362 in
1604 3326 1713 3381 quo
1751 3309 1852 3362 inne
1884 3308 2177 3377 aedificatae,
2208 3308 2412 3365 decima
2442 3330 2529 3363 re-

1507 3390 1667 3461 gione
1688 3388 1869 3442 Urbis.
1888 3388 1971 3442 Ibi
1992 3389 2183 3445 domus
2207 3393 2525 3461 Augustam,

1503 3481 1558 3522 et
1577 3468 1861 3523 Tiberiana
1888 3487 1916 3521 a
1938 3470 2227 3525 P.Victore
2250 3467 2518 3522 statuitur:

1504 3566 1769 3602 accessere
1792 3550 1905 3602 Caii
1931 3546 2125 3603 deinde
2147 3548 2314 3615 oedes,
2336 3564 2397 3599 ac
2417 3546 2528 3598 Do-

1504 3628 1735 3691 mitiani,
1764 3629 2001 3700 aliasque.
2031 3630 2214 3682 Ηιιιιι.

1588 3707 1678 3763 50.
1710 3708 1937 3762 Gruterus
1954 3748 1971 3771 ‚
2002 3720 2101 3761 etc.
2124 3706 2402 3775 Κράτερος,
2424 3710 2528 3756 llu-

1501 3782 1711 3858 θόδωρος
1722 3827 1737 3851 ,
1754 3784 2084 3849 Πολυδέκτης,
2098 3776 2365 3855 ἑρμολαος,
2376 3776 2527 3853 Lupo·

1502 3862 1681 3929 δίσιος.
1716 3868 1795 3920 Ex
1824 3866 1909 3921 his
1948 3882 2115 3917 unum
2154 3860 2524 3933 Pythodorum

1502 3947 1748 4000 novimus
1763 3986 1779 4011 ,
1802 3992 1809 3999 .
1822 3944 2137 3999 Thebanum
2184 3942 2491 3996 statuarium
2504 3980 2525 4007 ,

1504 4030 1657 4098 cujus
1700 4026 1903 4079 mentio
1940 4022 2082 4095 apud
2113 4022 2427 4082 Pausaniam
2468 4022 2527 4075 in
