2975 4684
1122 437 1437 503 LIBER
1500 437 1811 504 XXXV.
2386 438 2524 511 355

296 663 307 672 ι
404 593 481 638 ac
516 567 773 664 longius
803 592 843 636 a
872 569 1143 636 veritate
1185 563 1558 652 discedere,
1593 591 1956 662 spumaque
1993 566 2104 636 illa
2136 571 2354 688 pingi,
2389 599 2526 642 non

402 697 485 744 ex
510 700 625 743 ore
661 676 873 759 nasci3
907 673 1113 742 anxio
1146 675 1346 743 animi
1392 674 1724 758 cruciatu,
1763 697 1968 767 quum
2011 675 2076 741 in
2115 677 2375 805 pictura
2405 704 2528 748 ve-.

403 803 551 847 rum
604 803 783 860 esse,
841 803 974 847 non
1024 777 1373 848 verisimile
1417 778 1669 848 vellet:
1736 767 2202 848 absterserat⁸⁶
2257 785 2526 878 saepiuS‚

403 899 905 979 mutaveratque
991 884 1419 979 penicillum,
1521 883 1701 952 nullo
1780 885 1979 953 modo
2073 887 2194 955 sibi
2285 913 2526 984 appro-

404 990 588 1060 bans.
617 992 959 1062 Postremo
992 992 1193 1060 iratus
1215 993 1337 1059 arti
1356 991 1580 1084 quod
1602 977 2138 1086 intelligeretur
2143 997 2528 1089 ‚spongiam

403 1120 547 1164 eam
586 1098 860 1192 impegit
886 1098 1096 1166 inviso
1129 1081 1347 1165 loco⁸⁸
1389 1095 1669 1184 tabulae,
1705 1109 1772 1164 et
1808 1095 1918 1164 illa
1953 1101 2247 1190 reposuit
2271 1099 2530 1172 ablatos

404 1200 693 1291 colores,
726 1200 1009 1297 qualiter
1043 1227 1201 1270 cura
1233 1202 1508 1297 optabat
1521 1189 1572 1240 ⁸⁹
1582 1199 1969 1296 ‚fecitque9⁰
2013 1203 2080 1269 in
2110 1204 2364 1296 pictura
2391 1205 2526 1275 for·

406 1323 567 1376 tuna
601 1323 925 1378 naturam.
950 1311 1097 1376 Hoc
1117 1305 1418 1401 exemplo
1438 1257 1712 1376 similis-’¹
1747 1321 1816 1375 et
1843 1305 2157 1376 Nealcem
2189 1333 2528 1382 successus
2565 1343 2636 1400 40

405 1416 473 1482 in
505 1437 738 1509 spuma
774 1415 957 1507 equi,
978 1411 1275 1482 similiter
1292 1415 1570 1506 spongia
1597 1416 1907 1505 impacta,
1929 1427 2246 1504 sequutus
2269 1414 2532 1505 dicitur,

403 1543 611 1612 quum
632 1521 936 1613 pingeret
959 1532 1383 1611 poppyzonta
1403 1519 1792 1586 retinentem
1823 1516 2142 1610 equum⁹².
2164 1520 2414 1589 Canem
2441 1523 2534 1592 ita

484 1700 579 1752 86.
606 1671 929 1750 Absterret-at.
956 1695 1209 1766 Spongia.
1238 1697 1421 1748 ΒΑΜ).

484 1777 577 1846 87.
608 1777 763 1845 Quod
784 1775 1141 1845 intelligeretur.
1172 1774 1337 1839 Quod
1364 1776 1423 1827 in

402 1873 464 1908 ea
484 1856 695 1926 pictura
720 1853 945 1907 nimium
980 1854 1107 1909 artis
1132 1853 1421 1908 videretur.

404 1935 587 1988 Esau.

1509 1713 1662 1750 casus
1683 1696 1922 1749 imitatus
1939 1709 2037 1749 est.
2069 1723 2090 1743 ι
2121 1698 2212 1751 Sic
2227 1711 2282 1752 et
2300 1701 2442 1756 Plut.
2465 1701 2533 1756 de

1509 1775 1653 1828 Fort.
1689 1775 1838 1827 Alex.
1867 1774 2045 1845 Apelli
2079 1775 2306 1830 similem
2353 1798 2532 1834 cesum

1509 1854 1763 1907 adscribit
1801 1853 1940 1907 Sext.
1975 1854 2134 1924 Emp.
2170 1859 2363 1928 Pyrrh.
2415 1860 2534 1931 Hy-

1508 1945 1619 2003 pot.
1644 1934 1703 1996 1,
1733 1951 1832 1998 η,
1859 1951 1913 2004 p.
1947 1951 2000 2002 7.
2026 1933 2093 1986 H.
2133 1967 2212 1976 —
2239 1937 2354 1988 Hoc
2381 1957 2534 1990 exent-

480 2015 575 2070 88.
616 2015 779 2067 Invisa
808 2013 930 2066 loeo.
971 2013 1201 2066 Molesta
1240 2011 1315 2064 illi
1362 2030 1421 2064 sc
1501 2013 1590 2080 plo
1631 2012 1818 2066 similis.
1863 2013 2010 2064 Brot.
2057 2031 2120 2065 ex
2165 2015 2320 2067 MSS.
2365 2017 2528 2089 Regg.

402 2091 611 2147 difficili
635 2091 827 2146 tabula
850 2092 1007 2163 parti.
1038 2092 1219 2144 nnn.

486 2177 579 2244 89.
624 2172 851 2243 Qualiter
883 2191 1001 2222 cura
1042 2169 1261 2240 optabat.
1298 2169 1423 2234 Quo

403 2253 558 2322 plane
592 2250 759 2304 modo
800 2250 963 2304 animi
1006 2251 1146 2302 illius
1194 2249 1422 2302 intentio

402 2331 737 2403 peroptabat.
755 2331 821 2382 Η.
833 2359 915 2370 -—
931 2329 1165 2400 optabat.
1194 2330 1337 2381 Brot.
1356 2345 1422 2379 ex

408 2411 580 2462 Delec.
630 2409 785 2461 MSS.
819 2409 981 2479 Regg.
1013 2407 1246 2462 editione
1272 2407 1423 2477 prin-

404 2489 541 2560 cipe,
556 2501 655 2542 etc.
675 2487 879 2558 qualiter
897 2507 1011 2538 cura
1030 2497 1294 2556 optares-at.
1316 2487 1420 2537 En.

489 2587 577 2638 9⁰·
620 2567 847 2638 Fecitque
862 2603 879 2631 ,
918 2578 1019 2620 etc.
1057 2563 1329 2637 Expressit
1366 2563 1423 2615 in

404 2647 583 2701 tabula
614 2647 831 2700 fortuna
863 2663 1117 2716 casusque
1145 2661 1387 2716 spumam
1406 2681 1421 2706 ,

402 2728 617 2799 qualem
640 2737 826 2779 natura
846 2725 962 2796 ipsa
989 2724 1199 2778 faceret.
1233 2723 1301 2774 Η.

487 2823 580 2873 91.
626 2805 735 2857 Hoc
756 2805 969 2872 exemplo
998 2804 1182 2855 similis.
1206 2800 1425 2854 Nealces

404 2885 582 2955 pictor
602 2902 633 2936 ο
650 2882 935 2935 Plutarcho
956 2880 1198 2934 laudetur
1210 2881 1269 2932 in
1297 2881 1425 2932 Ata-

406 2977 463 3016 to
476 3001 492 3028 ,
510 2981 629 3033 pag.
656 2962 818 3014 1032.
840 2961 1012 3030 Hujus
1022 2960 1076 3010 in
1095 2976 1284 3026 spuma
1302 2957 1423 3029 equi

405 3058 699 3095 successum
717 3077 733 3102 ,
756 3037 915 3091 tacito
940 3037 1163 3108 pictoris
1183 3038 1423 3100 nomine,

305 3187 313 3196 ‚
404 3122 569 3174 refert
592 3119 710 3171 val.
732 3119 874 3170 Max.
894 3117 1029 3170 VIII
1045 3155 1063 3180 ‚
1090 3136 1111 3170 1
1128 3135 1173 3177 ι.
1196 3137 1248 3187 p.
1280 3122 1389 3178 401·
1406 3135 1423 3170 π

412 3227 437 3250 ι
468 3199 754 3271 Praecipua
786 3195 925 3250 'artis
977 3197 1166 3267 pictor,
1212 3196 1423 3268 inquit,

402 3280 530 3352 equi
562 3277 783 3332 naribus
818 3293 1029 3348 spumas
1066 3275 1297 3346 adjicere
1328 3294 1421 3328 cu·

404 3360 557 3430 piens
569 3397 587 3424 ,
598 3369 775 3412 tantus
790 3356 979 3409 artifex
996 3355 1050 3407 in
1074 3368 1179 3408 tam
1202 3355 1421 3424 parvula

404 3439 623 3494 materia
652 3436 883 3489 multum
914 3452 975 3488 ac
1001 3433 1093 3488 diu
1124 3435 1313 3486 frustra
1344 3445 1421 3486 te-

404 3519 649 3572 nebatur.
684 3513 1055 3588 Indignatione
1092 3511 1287 3566 deinde
1334 3530 1423 3564 ac-

402 3615 588 3650 eensus
598 3595 871 3666 spongiam
889 3594 1139 3646 omnihus
1160 3592 1421 3644 imbutam

400 3677 671 3729 coloribus
720 3675 855 3726 forte
898 3675 1045 3743 juxta
1092 3691 1145 3725 se
1196 3671 1419 3743 positam

401 3751 783 3825 apprehendit,
808 3765 863 3804 et
886 3751 1046 3804 veluti
1074 3763 1421 3822 corrupturus

402 3851 539 3902 opus
577 3851 763 3894 suum,
808 3831 998 3884 tabula
1038 3830 1223 3884 illisitz
1262 3849 1419 3901 quam

408 3911 616 3964 fortuna
630 3909 718 3964 sd
704 3929 843 3984 ipsas
852 3929 979 3981 equi
966 3909 1421 3975 ‘noradin-ectum,

408 3987 723 4044 desiderium
752 3990 973 4061 pictoris
999 3985 1169 4060 coegit
1191 3990 1417 4062 explere.

410 4068 595 4138 Itaque
616 4068 761 4139 quod
784 4069 1097 4123 adumbrare
1110 4087 1221 4122 non
1243 4068 1428 4137 valuit,

1508 2091 1663 2144 Voss.
1691 2104 1744 2143 et
1775 2089 1902 2143 edit.
1937 2091 2110 2160 princ.
2153 2093 2242 2145 hoe
2279 2098 2528 2166 exemplo3

1507 2172 1607 2240 ejus
1631 2169 1815 2222 senilis.
1843 2171 1948 2222 En.

1587 2266 1677 2317 92.
1703 2251 1864 2319 Quum
1875 2253 2096 2319 pingeret
2109 2263 2420 2324 poppyzonta
2453 2273 2530 2306 ne·

1509 2331 1728 2380 tenentem
1753 2348 1937 2400 equum.
1986 2328 2168 2381 Canem
2198 2335 2267 2382 ita
2299 2331 2530 2403 Protoge-

1509 2426 1590 2459 nes
1649 2412 1928 2460 monstravit
1991 2421 2038 2459 et
2088 2409 2295 2475 fortuna
2323 2450 2338 2474 ,
2423 2425 2524 2466 etc.

1509 2486 1610 2539 Hic
1636 2504 1850 2558 quoque
1867 2486 2015 2538 locus
2035 2500 2112 2540 est
2134 2488 2345 2542 habitus
2363 2493 2531 2562 pessi-

1509 2584 1608 2617 me.
1635 2564 1874 2618 Primum
1917 2565 2038 2617 satis
2075 2566 2176 2620 fuit
2211 2566 2388 2621 dicere
2419 2572 2528 2623 Pli-

1508 2644 1602 2696 nio
1617 2682 1634 2708 ‚
1661 2663 1801 2715 quum
1833 2646 2050 2714 pingeret
2091 2645 2426 2718 Poppyzonta.
2463 2649 2530 2703 Id

1509 2741 1704 2774 nomen
1765 2722 1958 2776 tabulas
1975 2761 1992 2785 ,
2055 2735 2116 2776 ut
2185 2727 2530 2799 Anadyomene

1510 2800 1710 2872 Apellis
1729 2841 1745 2864 ‚
1813 2801 2082 2870 Antiphili
2149 2803 2492 2877 Aposcopeuon
2509 2847 2524 2868 ‚

1509 2879 1755 2934 Aristidis
1791 2882 2179 2948 Anapummne.
2215 2885 2351 2939 Satis
2377 2887 2529 2940 intel·

1507 2959 1712 3030 ligitur,
1733 2977 1898 3031 quum
1925 2961 2222 3030 appellatur
2237 2969 2528 3032 ποππὺζων,

1507 3052 1700 3110 prosto
1721 3040 1770 3091 ei
1793 3057 1988 3109 equum
2017 3039 2211 3095 fuisse:
2235 3056 2358 3096 sunt
2381 3046 2527 3100 enim

1506 3119 1863 3186 ποππύσματα
1895 3121 2138 3172 unlustau
2166 3123 2234 3183 si<
2259 3123 2370 3186 τοὺς
2397 3121 2528 3178 διδα-

1509 3197 1696 3267 μοὶςους
1749 3199 1954 3261 ἵππους,
2009 3211 2064 3250 ut
2115 3200 2529 3274 interpretantur

1509 3276 1704 3330 Grteei.
1752 3275 1958 3328 Deinde
2002 3279 2174 3332 scribo
2221 3299 2252 3334 e
2294 3285 2528 3355 vestigiis

1509 3355 1664 3408 MSS.
1709 3356 1934 3408 Retinent
1961 3357 2102 3408 Parin·
2141 3379 2325 3432 equiem.
2364 3361 2524 3427 Quod

1509 3447 1614 3498 est,
1643 3453 1922 3507 personam
1943 3441 2284 3502 ποππύζοντος
2311 3443 2526 3512 periisse

1507 3515 1690 3567 nescio
1717 3531 1826 3586 quo
1856 3533 2006 3579 ensu3
2033 3535 2148 3570 eam
2172 3533 2371 3589 partem
2389 3560 2402 3582 ,
2423 3537 2524 3589 qua

1508 3611 1678 3665 equus
1703 3607 1814 3646 erat
1847 3594 2051 3666 pictus,
2083 3615 2354 3667 superesse
2382 3597 2526 3668 apud

1508 3673 1652 3728 istos.
1691 3675 1876 3726 Parius
1897 3716 1911 3740 ,
1977 3695 2008 3728 e
2068 3676 2280 3729 colonia
2328 3677 2527 3729 Patior

1506 3753 1603 3806 lib.
1637 3753 1893 3817 XXXIV,
1927 3758 1960 3808 8
1997 3773 2010 3806 :
2044 3779 2066 3800 ·
2091 3754 2156 3804 In
2199 3754 2356 3805 Pario
2389 3755 2530 3808 colo-

1509 3833 1594 3884 nia
1644 3831 1890 3887 laudatur
1941 3831 2194 3884 Hercules
2247 3831 2456 3886 Isidori.
2497 3857 2522 3879 ιι

1509 3911 1632 3964 Lib.
1679 3911 1952 3975 XXXVI,
2000 3909 2029 3961 5
2069 3929 2080 3958 z
2131 3933 2153 3954 α
2191 3909 2442 3979 Ejusdem
2479 3927 2531 3966 et

1508 3991 1638 4045 alter
1663 3989 1840 4042 nudus
1879 3989 1936 4040 in
1977 3987 2130 4039 Pario
2165 3989 2372 4044 colonia
2403 3993 2532 4046 Pro-

1511 4067 1778 4140 pontidis,
1795 4085 1895 4136 par
1911 4065 2106 4119 Veneri
2127 4067 2350 4123 Cnidio.
2378 4097 2400 4120 ι»
2425 4071 2534 4128 Sto.

2159 4161 2295 4234 23²
