2975 4684
504 396 644 496 596
1046 399 1125 467 C.
1176 397 1515 467 PLINII
1561 399 1769 468 NAT.
1821 398 2067 467 HIST.

500 538 571 604 in
608 530 849 612 caelatis
890 554 997 599 ars
1028 543 1097 599 et
1125 529 1408 625 ingenia.
1450 531 1956 600 Murrhinorum
1986 543 2056 598 et
2092 527 2625 623 crystallinorum

502 639 781 708 diximus
824 628 1149 730 gratiam.
1194 636 1499 720 uniones,
1534 635 1715 731 quod
1757 633 2011 730 capite⁹
2043 634 2626 723 circumferuntur,

503 745 775 839 gemmae
810 742 1077 836 digitis.
1120 741 1189 808 in
1225 741 1528 810 omnibus
1567 742 1846 835 denique
1883 739 2024 810 aliis
2065 742 2239 810 vitiis
2269 742 2626 809 ostentatio

503 863 617 918 aut
642 867 795 918 usus
824 846 1125 941 placet:
1107 871 1173 914 ιιι
1194 848 1473 916 succinis
1502 846 1882 924 deliciarum
1911 859 2168 915 tantum
2201 847 2624 916 conscientia.

404 961 469 1026 ’3
506 955 835 1024 Domitius
883 950 1129 1021 Nero¹⁰
1178 952 1241 1020 in
1284 953 1536 1022 caeteris
1583 955 1736 1021 vitae
1777 976 1909 1022 suae
1949 953 2297 1046 portentis,
2353 949 2626 1045 capillos

503 1083 768 1154 quoque
804 1057 1103 1152 conjugis
1138 1082 1270 1126 suae
1304 1059 1602 1152 Poppaeae
1629 1060 1698 1126 in
1723 1058 1854 1128 hoc
1880 1047 2122 1126 nomen
2157 1056 2626 1151 adoptaverat,

503 1163 787 1259 quodam
834 1164 1033 1231 etiam
1076 1163 1366 1231 carmine
1404 1165 1671 1233 succina
1712 1161 2126 1258 appellando.
2185 1164 2272 1231 Et
2312 1163 2628 1255 quoniam

503 1267 699 1339 nullis
731 1269 904 1336 vitiis
932 1267 1169 1337 desunt
1197 1268 1481 1360 pretiosa
1509 1271 1774 1337 nomina
1798 1315 1820 1356 ‚
1863 1293 1944 1336 ex
1978 1293 2058 1336 eo
2086 1269 2317 1337 tertius
2352 1265 2626 1360 quidam

502 1374 614 1443 hic
660 1371 902 1442 colos¹'
948 1375 1151 1466 coepit
1192 1375 1406 1467 expeti
1448 1397 1487 1442 a
1532 1375 1865 1443 matronis.
1926 1375 2105 1442 Usus
2146 1387 2372 1440 tamen
2413 1372 2626 1440 succi-

503 1503 743 1548 norum
781 1479 1115 1546 invenitur
1151 1476 1381 1570 aliquis
1408 1479 1474 1547 in
1507 1478 1830 1548 medicina
1868 1504 1884 1546 ε
1927 1477 2040 1546 sed
2069 1502 2202 1564 non
2239 1478 2326 1545 ob
2363 1477 2488 1545 hoc
2530 1476 2626 1544 fe-

504 1585 697 1652 minis
714 1582 994 1678 placent.
1022 1583 1396 1652 Infantibus
1417 1583 1752 1678 adalligari
1769 1580 2036 1652 amuleti
2060 1585 2312 1651 ratione
2337 1581 2622 1676 prodest.

504 1687 915 1759 Callistratus
945 1702 1012 1756 et
1050 1688 1442 1782 cuicumque
1468 1691 1642 1760 aetati
1677 1703 1906 1758 contra
1928 1687 2407 1782 lymphationes
2425 1687 2625 1782 prod·

504 1819 645 1865 esse
671 1793 897 1878 tradit,
924 1808 992 1860 et
1012 1795 1218 1862 urinae
1240 1793 1734 1863 difficultatibus
1760 1811 2023 1888 potum,
2053 1792 2652 1887 adalligatumque„

506 1901 633 1970 Hic
672 1913 738 1968 et
776 1897 1218 1967 differentiam
1268 1923 1509 1966 novam
1549 1896 1802 1982 attulit,
1855 1897 2247 1992 appellando
2300 1897 2626 1992 chrysele-

506 2004 940 2096 ctrum,quasi
960 2001 1196 2071 coloris
1214 2001 1469 2090 aurei¹²,
1492 2017 1559 2071 et
1581 2003 1902 2071 matutino
1923 2005 2269 2096 gratissimi
2289 2018 2589 2098 aspectus
2603 2056 2624 2089 ,

398 2099 409 2108 ⁵
506 2110 1003 2202 rapacissimum
1052 2109 1337 2200 ignium,
1385 2121 1451 2175 et
1503 2108 1556 2176 si
1585 2109 1773 2200 juxta
1807 2108 2085 2194 fuerint,
2135 2108 2467 2179 celerrime
2516 2132 2627 2177 ar·

438 2231 475 2294 4
508 2213 798 2282 descens.
852 2215 997 2279 Hoc
1034 2211 1204 2279 collo
1238 2211 1691 2306 adalligatum,
1733 2212 1978 2282 mederi
2017 2214 2308 2285 febribus
2341 2229 2408 2283 et
2441 2239 2630 2282 mor-
2663 2235 2680 2253 ⁰

506 2319 607 2404 bis
651 2343 667 2385 z
719 2317 947 2386 tritum
990 2340 1140 2383 cum
1196 2312 1388 2385 melle
1435 2341 1514 2386 ac
1554 2343 1858 2405 rosace0‚
1909 2322 2166 2389 aurium
2205 2322 2421 2390 vitiis:
2464 2333 2530 2388 et
2573 2319 2630 2388 si

509 2448 660 2493 cum
698 2420 887 2491 melle
929 2421 1150 2490 Attico
1194 2435 1608 2554 conteratur3,
1652 2424 1995 2494 oculorum
2039 2451 2300 2518 quoque
2335 2425 2629 2493 obscuri-

510 2529 768 2598 tatibus.
790 2525 1341 2596 Stomachietiam
1360 2528 1558 2598 vitiis¹
1563 2515 1707 2598 ³vel
1732 2555 1849 2623 per
1871 2555 1938 2598 se
1951 2530 2159 2597 farina
2181 2530 2320 2620 ejus
2339 2543 2628 2623 sumpta,

508 2630 613 2700 vel
650 2655 801 2700 cum
842 2631 1157 2724 mastiche
1194 2658 1276 2701 ex
1318 2656 1489 2727 aqua
1531 2649 1703 2728 pota.
1755 2635 2031 2702 Succina
2077 2635 2273 2702 etiam
2313 2636 2628 2727 gemmis,

509 2761 655 2832 quae
695 2751 847 2805 sunt
883 2715 1331 2820 translucidae,
1376 2737 1818 2809 adulterandis
1859 2760 2174 2831 magnum
2224 2739 2474 2808 habent
2525 2737 2628 2808 lo-

510 2867 687 2925 cum,
708 2843 988 2912 maxime
1019 2843 1432 2938 amethystiS,
1452 2869 1656 2938 quum
1685 2847 1890 2926 omni,
1909 2858 1982 2912 ut
2006 2831 2356 2914 diximus¹⁴
2359 2895 2380 2930 ,
2407 2843 2630 2914 colore

510 2950 868 3042 tingantur.

445 3097 469 3130 ι
616 3057 809 3122 ΧΙΙΙ.
832 3057 965 3122 ·De
1008 3054 1305 3147 lyncurio
1356 3056 1654 3149 proxime
1693 3055 1822 3125 dici
1867 3056 2045 3150 cogit
2085 3071 2430 3126 auctorum
2475 3081 2628 3151 per-

1611 3196 1770 3284 dens..
1797 3222 1892 3275 lib.
1925 3221 1994 3276 de
2015 3224 2206 3296 Lepid.
2235 3238 2370 3298 pret.
2395 3245 2509 3298 cap.
2541 3242 2630 3296 ¹7·

1613 3302 1684 3353 H.
1717 3331 1789 3342 ·——
1821 3301 2215 3373 Chqselectmm,
2259 3307 2376 3359 Hoc
2419 3303 2630 3376 chryse-

591 3237 644 3288 9.
662 3219 813 3289 Quod
824 3223 977 3289 capite
988 3223 1398 3288 circumferuntur.
1420 3223 1526 3274 Au-

506 3297 656 3352 ribus
678 3297 939 3352 videlicet.
964 3298 1143 3354 Ηιιιιι).

594 3395 677 3430 10.
711 3377 955 3429 Domitius
994 3379 1145 3432 Nero,
1163 3378 1303 3432 Vide
1326 3382 1522 3432 Aucto-

508 3475 629 3510 rum
652 3455 910 3510 Iudicem.
940 3456 1005 3508 H.
1028 3489 1108 3498 —
1127 3456 1331 3509 Suco-Ina
1366 3459 1524 3530 appel-

511 3537 673 3589 lando.
702 3537 846 3589 Brot.
869 3554 931 3588 ex
954 3537 1116 3606 Regg.
1138 3534 1289 3587 MSS.
1318 3549 1371 3588 et
1394 3537 1522 3590 edit.

509 3614 755 3686 principe
777 3617 987 3666 succinos
1009 3615 1183 3685 appell.
1208 3613 1310 3666 En.

596 3711 618 3746 ι
632 3711 680 3746 1.
708 3695 895 3745 Tertius
912 3693 1107 3762 quidam
1127 3693 1205 3744 Ιιὶσ
1230 3693 1374 3745 colos.
1400 3693 1526 3746 Post

508 3773 735 3835 aarum.
766 3784 818 3824 et
864 3770 1119 3824 uniones:
1165 3790 1283 3842 quae
1327 3772 1526 3842 pariter

510 3862 762 3903 man-onas
782 3859 1003 3918 gestant.
1026 3851 1203 3902 Ηιιιιι.

594 3945 619 3978 1
632 3945 683 3980 2.
708 3928 1239 4000 chryselectrum‚quasi
1252 3929 1423 3980 coloris
1442 3949 1526 3982 au-

512 4005 593 4054 ni.
620 4003 745 4057 Hac
768 4003 951 4056 iisdem
976 4007 1083 4059 fere
1106 4009 1278 4061 verbis
1305 4007 1522 4062 Max-bo·

1612 3381 1835 3434 lectrum
1861 3400 2022 3435 aureo
2043 3384 2222 3442 colore
2247 3391 2536 3454 prostans:
2549 3396 2631 3437 est

1611 3459 1925 3528 hyacinthus
1943 3479 2004 3514 ex
2023 3463 2145 3514 albo
2159 3462 2458 3528 fluescens,
2472 3464 2633 3534 [Ἄγα-

1611 3539 1766 3591 cintlm
1786 3541 1908 3592 d’un
1933 3541 2074 3593 blanc
2092 3540 2342 3612 jaunlitre.
2365 3543 2530 3596 Bnooe.
2551 3572 2634 3590 --

1617 3617 1896 3670 Grati-ssimi
1947 3633 2178 3690 aspectus.
2229 3620 2396 3674 Gron.
2441 3633 2495 3675 et
2544 3621 2633 3674 At.

1611 3708 1732 3750 ante
1756 3696 1920 3751 Hard.
1953 3705 2228 3769 gratissimo
2252 3712 2462 3769 aspectu.
2493 3701 2602 3754 En.

1699 3795 1722 3828 1
1735 3776 1766 3828 3
1778 3815 1791 3829 .
1809 3776 2054 3830 Stomaclu‘
2073 3782 2211 3831 etiam
2225 3769 2390 3832 'vitt‘ia
2415 3777 2479 3831 Id
2498 3790 2631 3850 ‘quo-

1611 3871 1717 3926 qne
1733 3854 1802 3908 de
1819 3875 1914 3909 suo
1934 3858 2129 3910 electro
2145 3863 2482 3929 πτιρυγοφόρῳ
2506 3857 2635 3910 Dio-

1611 3933 1842 3987 scorides
1858 3973 1875 3998 ‚
1902 3935 1995 3987 lib.
2015 3937 2099 4000 11,
2120 3953 2237 4004 cap.
2262 3953 2379 3989 100.
2405 3939 2588 3990 Hui).

1698 4019 1785 4076 ¹4·
1815 4014 1882 4064 Ut
1897 4013 2116 4067 daiam.
2141 4015 2260 4068 Hoc
2281 4015 2400 4085 ipso
2421 4031 2537 4085 cap.
2557 4013 2630 4066 H.
