2975 4684
747 388 871 453 DE
921 382 1118 453 AERE
1160 384 1274 453 ET
1323 384 1535 468 EJUS
1583 385 2240 454 RECREMENTIS.
2412 386 2539 456 261

429 504 504 557 du
529 522 671 576 sory,
689 522 748 557 sa
769 505 1096 557 consistance
1131 506 1449 576 spongieusc
1467 545 1482 569 ,
1508 522 1606 585 son
1638 516 1814 575 aspect
1839 522 1957 574 gras
1984 503 2119 558 dans
2143 506 2193 557 le
2212 505 2441 578 broyage
2458 542 2474 569 ,
2498 518 2551 559 et

431 610 530 645 son
559 591 731 645 odeur
751 591 1140 646 nauseahonde.

501 681 678 747 (Nunc
707 677 776 732 de
803 680 962 733 variis
995 680 1150 751 cupri
1174 681 1517 751 recrementis
1542 681 1735 733 iterum
1760 677 2068 733 inducimus
2088 678 2419 733 Geoffraeum
2444 679 2551 733 dis·
2648 722 2655 733 .

431 779 692 819 serentem
739 768 1037 820 luculenter
1087 778 1140 819 et
1167 766 1359 839 docte,
1413 758 1472 819 ut
1521 769 1683 829 solet,
1720 784 2030 837 quanquam
2066 781 2258 821 cautus
2294 768 2455 821 nimis
2489 786 2550 821 ac

435 854 771 907 meticulosus
801 855 860 907 in
895 856 1176 926 generibus
1211 854 1524 908 definiendis
1560 854 1726 907 videri
1764 859 1975 925 potest.)

502 940 662 993 Varia
708 943 860 1013 cupri
907 954 1232 995 recrementa
1265 962 1293 995 a
1313 942 1598 995 Veteribus
1634 954 1919 1012 praeparata
1937 981 1951 1007 ,
1980 952 2035 993 et
2062 941 2119 993 in
2156 942 2551 996 medicamentis

432 1040 679 1099 usurpata
693 1029 907 1081 suerunt
923 1028 1122 1100 ,qualia
1139 1040 1262 1081 sunt
1283 1047 1462 1100 erugo
1479 1069 1494 1094 ,
1514 1028 1615 1081 flos
1634 1028 1747 1082 airis
1760 1068 1775 1091 ,
1798 1046 1867 1081 oes
1884 1040 2060 1081 ustum
2076 1065 2091 1088 ,
2108 1040 2161 1080 et
2178 1046 2392 1101 squama
2409 1029 2551 1083 oeris:

352 1130 358 1137 ·
435 1134 498 1169 ex
525 1115 608 1168 his
633 1134 810 1188 erugo
831 1116 942 1169 sere
965 1121 1072 1169 sola
1096 1117 1152 1169 in
1179 1134 1333 1171 usum
1353 1116 1514 1168 venit.

507 1208 698 1273 AErngo
715 1244 732 1269 ,
758 1221 850 1256 seu
877 1202 1050 1257 viride
1066 1204 1181 1256 seris
1197 1202 1356 1255 Offic.
1375 1195 1448 1263 Ῐὸς
1469 1202 1609 1263 eug-z<
1630 1200 1969 1263 Grocorum3
1991 1200 2179 1271 gallice
2197 1207 2392 1265 ver-det,
2417 1218 2556 1255 vert-

437 1294 638 1358 de-grn's.
655 1292 748 1344 Eat
773 1290 966 1363 rubigo
986 1290 1230 1362 quaedam
1250 1289 1437 1343 viridis
1457 1308 1517 1343 ex
1538 1290 1749 1344 laminis
1766 1288 1979 1361 cupreis
1994 1287 2196 1340 abrasa.
2222 1289 2400 1357 (Cous.
2420 1292 2560 1344 infra

438 1382 698 1430 carbonaco
724 1382 786 1429 de
809 1382 968 1429 cuii-re
981 1415 999 1441 ,
1028 1381 1354 1430 sous-acetoso
1379 1382 1440 1429 de
1467 1381 1664 1447 citiore).
2600 1434 2607 1445 .

511 1468 712 1536 AErugo
745 1464 1034 1536 pictoribus
1059 1477 1112 1516 et
1159 1463 1507 1517 insectoribus
1540 1464 1775 1516 inservit.
1814 1465 1861 1515 A
1892 1461 2112 1515 medicis
2144 1480 2273 1516 vero
2304 1463 2566 1517 rarissime

437 1552 638 1604 interne
655 1551 950 1614 exhibetur,
967 1551 1155 1622 soepius
1165 1568 1290 1602 vero
1307 1564 1546 1603 externe.
1564 1550 1788 1602 Hulcera
1809 1549 2029 1621 detergit
2049 1560 2099 1601 et
2118 1548 2360 1611 exsiccat,
2379 1568 2564 1603 carnes

443 1638 692 1709 fungosae
723 1649 776 1689 et
811 1637 1100 1707 superfluas
1143 1637 1432 1703 consumit,
1465 1637 1633 1689 callos
1676 1635 1863 1689 exedit.
1899 1636 2201 1707 Usurpatur
2236 1638 2292 1689 in
2332 1638 2565 1691 balsamo

377 1754 394 1767 κ
441 1723 600 1777 viridi
619 1724 934 1777 Metensium
965 1728 1034 1777 D.
1055 1724 1254 1777 Charas
1274 1762 1289 1786 ,
1317 1724 1374 1777 in
1403 1736 1673 1792 unguento
1712 1722 1895 1783 viridi,
1924 1734 2192 1793 ung-uento
2218 1725 2529 1796 AEgyptiaco
2546 1764 2561 1788 ‚

445 1822 717 1883 unguento
741 1812 1094 1881 apostolorum
1115 1850 1131 1876 ‚
1168 1822 1270 1865 etc.

515 1898 636 1953 Flos
654 1900 769 1952 airis
789 1898 950 1953 offic.
969 1906 1157 1953 Χαλκοῦ
1177 1899 1310 1957 ἄνθος
1325 1897 1629 1951 Graecorum
1644 1935 1659 1955 .
1686 1897 1818 1949 nihil
1837 1896 1980 1950 aliud
2000 1910 2077 1951 est
2096 1915 2255 1969 quam
2285 1916 2355 1951 oes
2370 1899 2427 1951 in
2447 1918 2569 1970 gra-

443 1986 570 2039 nula
595 1985 923 2049 tenuissima,
955 1986 1089 2041 milii
1115 1986 1301 2050 instar,
1329 1984 1621 2038 redactum.
1655 1987 1793 2037 Dum
1822 1985 1963 2036 enim
2002 2002 2071 2037 ais
2092 1986 2265 2037 fusum
2292 1985 2350 2036 in
2375 1985 2569 2041 formas

443 2070 726 2139 delabitur,
748 2085 1032 2142 antequam
1059 2083 1210 2125 coeat
1227 2072 1284 2122 in
1303 2089 1525 2124 massam
1546 2070 1760 2131 duram,
1785 2088 1934 2141 aquae
1956 2069 2157 2141 frigidae
2179 2070 2439 2125 affusione
2455 2073 2569 2127 haec

445 2160 790 2213 minutissima
814 2161 1036 2231 granula
1059 2159 1301 2231 undique
1322 2170 1609 2231 erumpunt
1626 2170 1679 2211 et
1697 2158 1982 2212 dissiliunt.

515 2250 726 2316 (Χαλκοῦ
755 2248 886 2307 ἄνθος
895 2248 1206 2301 Gracci-um
1227 2246 1364 2299 illud
1387 2246 1607 2299 minime
1626 2230 2068 2298 confundendum
2090 2258 2169 2307 est
2183 2263 2305 2298 cum
2318 2246 2567 2299 calchan-

448 2334 540 2387 tho
563 2354 628 2387 eo
643 2374 658 2398 ,
677 2334 746 2387 de
762 2353 873 2406 quo
893 2332 1095 2387 Plinius
1115 2335 1226 2387 hoc
1245 2335 1366 2405 ipso
1391 2334 1478 2386 lib.
1496 2334 1621 2405 agit,
1646 2333 1791 2405 quod
1820 2333 1989 2385 nostri
2015 2344 2231 2394 vocant,
2251 2334 2423 2385 ἱυίυἰοί
2437 2339 2567 2397 ὄιον,

449 2424 655 2489 sulfizte,
689 2423 770 2475 vel
797 2424 1212 2489 hydro-trisulfaee
1242 2426 1305 2473 de
1331 2425 1489 2474 cuiore
1509 2462 1523 2487 ‚
1553 2420 1619 2473 de
1645 2440 1751 2491 quo
1772 2421 1913 2473 cons.
1934 2422 2113 2490 infra.)

519 2510 614 2559 Ε·
639 2520 814 2561 ustum
839 2508 995 2563 offic.
1021 2510 1207 2569 Χαλκὸς
1241 2510 1523 2579 καιομένας
1558 2507 1878 2560 Graecorum.
1904 2507 1997 2559 Est
2030 2524 2257 2578 cuprum
2282 2510 2339 2561 in
2371 2511 2569 2565 calcem

452 2612 732 2648 crocumve
765 2596 1057 2659 redactum,
1091 2596 1175 2650 vel
1201 2596 1372 2649 solum
1395 2634 1412 2659 ,
1453 2595 1538 2648 vel
1574 2614 1695 2647 cum
1734 2595 1995 2667 sulphure
2024 2606 2077 2647 et
2104 2594 2211 2648 sale
2244 2595 2573 2669 interspersis

451 2682 774 2735 diuturniori
817 2683 1165 2738 calcinatione
1201 2684 1255 2735 in
1297 2684 1458 2736 furno
1503 2682 1787 2735 reverberii
1838 2682 2192 2737 combustum.
2236 2684 2475 2740 Exsiccat
2518 2700 2577 2740 et

454 2768 731 2839 adstringit
757 2789 876 2823 cum
903 2771 1134 2840 quadam
1155 2772 1454 2824 acrimonia.

523 2855 752 2926 Squama
777 2857 891 2909 ιιι-ἵε
909 2856 1069 2911 orfie.
1087 2858 1233 2918 Διπὶς
1247 2866 1426 2925 χαλκοῦ
1443 2860 1767 2911 Graecorum.
1791 2858 1873 2909 Ab
1907 2874 2011 2909 aire
2032 2868 2153 2909 usto
2174 2876 2357 2925 parum
2382 2858 2577 2913 discre-

456 2954 570 3013 ραις
600 2954 724 2995 sunt
754 2944 898 2995 enim
925 2946 1206 2997 combusta:
1230 2946 1346 2997 aeris
1371 2946 1683 3017 particulo,
1720 2964 1837 3015 qua
1864 2946 1937 2997 bx
1960 2962 2048 3010 eo,
2076 2944 2206 2997 dum
2234 2946 2435 2999 malleis
2456 2964 2577 3019 per-

457 3029 674 3092 cutitur,
699 3027 979 3082 dissiliunt.
1005 3029 1134 3081 Huc
1155 3048 1370 3101 squama
1387 3070 1404 3095 ‚
1439 3031 1523 3085 vel
1549 3031 1703 3084 etiam
1726 3034 1843 3103 ejus
1866 3030 1986 3083 loco
2014 3031 2302 3085 aurichalci
2330 3034 2575 3087 limatura

459 3134 580 3169 cum
600 3116 858 3185 sulphure
875 3128 926 3167 et
943 3115 1122 3168 radice
1137 3117 1273 3169 ireos
1291 3116 1564 3188 pulverata
1580 3116 1767 3169 calceis
1784 3116 2099 3188 interspersa
2114 3155 2130 3181 ‚
2159 3132 2355 3171 tetrum
2372 3118 2573 3191 pedum

461 3204 698 3257 foetorem
717 3203 991 3274 reprimit;
1025 3202 1118 3257 sed
1147 3222 1255 3257 non
1282 3222 1495 3275 semper
1526 3202 1764 3256 innoxie.
1798 3203 1855 3254 Si
1884 3203 2023 3255 enim
2047 3203 2259 3258 soetidus
2283 3206 2373 3259 ille
2402 3206 2565 3261 sudor

459 3291 672 3345 incaute
693 3291 1026 3361 reprimatur,
1045 3294 1240 3363 majora
1262 3309 1647 3363 nonnunquam
1677 3291 1984 3361 funestaque
2004 3291 2257 3363 ingruunt
2274 3297 2431 3349 mala.

503 3370 748 3431 'Cadmia
783 3396 888 3431 vox
915 3390 993 3432 est
1017 3398 1134 3451 quoe
1166 3380 1318 3432 variis
1341 3380 1503 3431 rebus
1524 3378 1764 3448 imposita
1802 3378 1920 3431 fuit.
1955 3378 2289 3434 Dioscorides
2318 3382 2575 3453 Κάὸμιιαν

458 3466 700 3519 nominat
723 3478 1046 3521 recrementa
1067 3465 1312 3538 quiedam
1341 3485 1498 3528 aim,
1522 3484 1641 3537 quo
1670 3484 1737 3519 ex
1762 3483 1865 3519 aare
1894 3466 1949 3519 in
1976 3468 2281 3522 fornacibus
2316 3468 2577 3521 candente

459 3554 720 3607 oriuntur.
733 3554 974 3607 'Galenus
991 3556 1094 3608 hac
1113 3572 1246 3608 voce
1265 3554 1539 3626 duplicem*
1551 3554 1893 3608 substantiam
1910 3556 2147 3627 designat
2167 3573 2182 3607 τ
2204 3572 2365 3607 unam
2382 3572 2501 3624 quo
2518 3554 2581 3607 fit

463 3660 527 3695 ex
545 3660 672 3704 aare,
699 3640 1050 3713 eamdemque
1079 3660 1199 3696 cum
1225 3642 1436 3695 cadmia
1465 3642 1813 3709 Dioscoridis;
1850 3644 2067 3697 alteram
2090 3642 2317 3695 nativam
2337 3659 2368 3691 e
2396 3641 2589 3711 Cypro.

461 3730 634 3783 insula
651 3729 950 3793 oriundam,
977 3748 1133 3801 quam
1155 3729 1354 3795 λιθώδη,
1372 3729 1664 3802 lapidosam
1682 3730 1823 3785 dicit.
1842 3732 2041 3784 Plinius
2058 3727 2297 3781 eamdem
2316 3725 2575 3781 cadmiam

464 3836 527 3870 ex
545 3836 646 3871 are
669 3819 920 3873 factitiam
943 3837 1064 3872 cum
1091 3818 1390 3873 Dioscoride
1415 3832 1466 3873 et
1496 3819 1699 3874 Gale'no
1715 3819 1983 3893 agnoscit3
2009 3816 2100 3869 sed
2126 3816 2341 3884 insuper
2358 3814 2576 3869 alteram

465 3918 696 3959 recenset
719 3908 982 3973 nativam,
1003 3909 1163 3977 'cluam
1185 3926 1400 3961 orosam
1417 3910 1685 3973 nominat,
1710 3926 1771 3962 ex
1788 3926 1853 3960 eo
1870 3903 2017 3977 quod
2036 3902 2152 3953 nris
2172 3898 2373 3955 minet&
2398 3903 2493 3967 sit,
2514 3922 2575 3958 ex

469 4010 570 4064 qua
589 4014 812 4070 cuprum
829 4010 1169 4070 excoquatur.
1189 3998 1384 4053 Eadem
1405 4012 1482 4055 est
1508 4000 1727 4053 fortasse
1742 4016 1867 4051 cum
1886 3992 2088 4047 cadmia
2108 3990 2344 4063 lapidosa
2370 3992 2575 4047 Galeni.

2198 4078 2313 4185 17³
