2975 4684
364 1032 430 1085 36

475 364 607 458 198

1008 366 1083 431 C.
1138 358 1473 431 PLINII
1522 362 1735 431 NAT.
1789 362 2042 428 HIST.

463 494 970 590 Dionysodorus
1008 481 1293 565 Critiae⁸¹
1344 492 1736 589 discipulus,
1783 491 2125 578 Deliades‚
2163 491 2590 586 Euphorion,

463 604 757 671 Eunicus
778 654 796 688 ,
848 614 911 668 et
954 603 1341 685 Hecataeus,
1396 602 1650 695 argenti
1701 598 2074 684 caelatores3
2125 596 2476 667 Lesbocles
2497 584 2546 625 ⁸²
2569 654 2588 687 ‚

465 707 837 790 ProdoruS‚
883 706 1325 797 PythodicuS,
1367 705 1771 799 Polygnotus
1787 690 1870 771 ⁸³:
1905 704 2100 771 iidem
2146 704 2430 796 pictores
2466 730 2587 773 no·

465 812 778 879 bilissimi.
830 812 1002 879 Item
1023 797 1073 841 ⁸⁴

466 918 580 1010 qui
624 916 748 984 fuit
791 917 1014 985 Critiae
1051 916 1433 1011 discipulus.

1136 836 1219 879 ex
1265 811 1674 881 caelatoribus
1723 811 2174 893 Stratonicu5‚
2229 812 2589 903 Scymnus,

570 1022 635 1089 N
638 1045 768 1089 unc
833 1023 1234 1115 percensebo
1296 1045 1409 1091 eos
1446 1073 1463 1105 ,
1536 1023 1650 1115 qui
1715 1020 2007 1112 ejusdem
2068 1022 2324 1114 generis
2386 1044 2590 1114 opera

466 1125 795 1211 fecerunt,
841 1142 917 1194 ut
946 1128 1386 1221 Apollodorus
1406 1114 1453 1152 ⁸⁵
1477 1182 1495 1209 ‚
1536 1125 1995 1210 AndrobuluS‚
2047 1124 2586 1218 Asclepiodoru5‚

462 1231 733 1320 AlevaS,
791 1230 1221 1328 philosophos
1246 1218 1338 1301 ⁸⁶:
1393 1233 1655 1328 Apellas
1697 1246 1766 1299 et
1808 1231 2155 1300 adorantes
2196 1230 2472 1301 feminas
2496 1217 2584 1295 ⁸⁷:

464 1338 833 1432 Antigonus
899 1354 965 1407 et
1006 1341 1530 1433 Perixyomenon
1551 1326 1600 1363 ⁸⁸
1625 1392 1643 1426 ‚
1688 1336 2259 1431 tyrannicidasque
2287 1324 2338 1375 ⁸⁹
2389 1360 2588 1431 supra

546 1542 577 1592 8
591 1558 612 1591 1
628 1578 639 1589 .
664 1541 851 1592 Crieioe.
874 1542 1071 1610 Κριτίου
1087 1534 1297 1594 Art-tm&
1318 1560 1479 1613 opera

465 1616 747 1671 laudantur
781 1638 807 1670 a
852 1619 1107 1673 Pausania
1132 1621 1190 1671 in
1231 1622 1388 1673 Attio.
1430 1633 1482 1673 et

464 1695 627 1749 Eliac.
650 1710 787 1767 post.
819 1699 1056 1766 Εὐφορίων
1088 1702 1135 1749 ἐν
1160 1700 1482 1769 ποτηριογλύ-

464 1794 594 1841 πτῃ,
623 1775 679 1825 ἰιι
700 1774 1020 1843 poculorum
1051 1776 1348 1844 scalptore,
1374 1779 1484 1828 lau·

464 1850 621 1903 datur
662 1870 691 1902 a
738 1852 1013 1904 Theocriti
1056 1852 1370 1917 Scholiastc,
1404 1852 1473 1906 ad

464 1926 623 1999 Idyll.
652 1930 737 1987 11,
781 1948 832 1980 v.
873 1948 894 1980 1
920 1950 936 1994 ς
964 1941 1023 1981 ut
1051 1931 1095 1981 is
1121 1949 1229 1981 non
1257 1930 1481 1982 caelandi

464 2005 626 2057 modo
652 2019 818 2059 artem
850 2007 1080 2059 tenuisse
1097 2046 1113 2070 ,
1136 2008 1228 2060 sed
1246 2022 1298 2059 et
1326 2008 1483 2061 tradi-

466 2082 603 2136 disse
622 2084 690 2137 de
714 2105 773 2138 ea
794 2098 906 2138 arte
930 2098 1190 2156 praecepta
1217 2085 1477 2139 videatur.

466 2164 657 2225 Εὔνικος
673 2203 690 2230 ,
744 2154 1015 2229 ἑκαταῖος,
1062 2154 1308 2217 nondum
1356 2165 1482 2217 alibi

466 2262 495 2295 a
524 2244 677 2297 nobis
702 2244 937 2316 reperti„
953 2240 1130 2291 Hsan.

549 2325 640 2376 82.
668 2323 929 2375 Lesbocles.
953 2318 1253 2387 Aecssoxffic,
1282 2319 1484 2391 Πρόδω·

468 2422 543 2470 ρος
564 2435 581 2462 ‚
603 2399 864 2461 Πυθόδικος
882 2440 899 2464 ,
923 2401 1121 2472 pariter
1158 2402 1391 2455 obscuri.
1419 2404 1483 2454 ln

466 2481 594 2548 neg.
625 2499 677 2543 2,
699 2480 994 2551 Pythodicus
1016 2498 1125 2533 non
1142 2479 1352 2551 legitur.
1375 2482 1483 2533 Ita-

466 2575 570 2627 que
616 2576 747 2609 num
794 2577 857 2610 ex
916 2558 1126 2611 duobus
1175 2561 1485 2613 nominibus

466 2634 684 2689 conflari
711 2636 925 2690 unicum
950 2652 1217 2709 oporteat,
1240 2638 1485 2711 Pythodo-

467 2733 546 2765 rus
569 2752 585 2779 ‚
624 2735 783 2787 quem
828 2717 1138 2771 statuarium
1167 2720 1483 2771 Thebanum

467 2793 624 2846 fuisse
679 2795 953 2849 Pausanias
996 2796 1273 2861 admonet,
1314 2798 1480 2849 Boeot.

466 2872 577 2937 IX,
595 2871 823 2945 amplius
843 2874 1306 2928 considerandum.
1332 2876 1399 2929 Η.

547 2952 639 3006 83.
668 2954 988 3025 Ροζγὸηοτιιε.
1007 2954 1234 3007 Thasius
1250 2994 1265 3019 ,
1284 2955 1483 3025 Aglao-

464 3030 666 3101 phonte
691 3048 842 3103 patre
859 3072 874 3097 ,
897 3046 955 3085 ut
974 3032 1131 3086 docet
1159 3035 1481 3105 epigramma

468 3109 783 3177 Simonidis,
844 3113 1067 3165 relatum
1129 3132 1159 3165 a
1227 3114 1477 3166 Pausania

464 3186 626 3241 Phoc.
650 3190 725 3253 X,
751 3208 868 3261 pag.
896 3196 1029 3255 662,
1054 3191 1144 3243 ubi
1178 3194 1289 3268 ejus
1320 3194 1477 3245 etiam

464 3266 745 3321 clarissima
771 3290 930 3339 opera
954 3284 1245 3324 enumerat.
1267 3273 1337 3325 H.

548 3346 638 3409 84.
680 3344 825 3399 Item.
866 3352 909 3401 E
950 3350 1283 3402 caelatoribus
1318 3350 1475 3414 item,

464 3424 663 3497 iuquit.
678 3427 827 3479 fuere
848 3427 1004 3479 simul
1032 3428 1258 3496 pictores
1274 3428 1475 3493 eximii,

466 3502 794 3559 Stratonicus
826 3520 880 3559 et
904 3508 1181 3576 Scymnus.
1216 3502 1297 3559 De
1334 3508 1473 3559 Stra·

464 3584 643 3635 tonico
666 3584 893 3638 diximus
915 3584 1075 3654 paulo
1090 3598 1227 3637 ante.
1258 3588 1473 3655 Σκύμνος

464 3660 639 3716 adhuc
665 3663 891 3734 ignotus.
924 3664 1100 3715 Hann.

546 3742 639 3797 85.
665 3742 734 3794 Ut
754 3742 1109 3813 Apollodorus.
1133 3754 1231 3795 etc.
1256 3734 1479 3795 Ᾰπολλό-

462 3815 634 3889 δωρος,
665 3815 990 3893 Ᾰνὸρόὸουλος
1008 3861 1023 3886 ,
1051 3814 1479 3891 Ᾱσκληπιόὸωρος,

463 3889 667 3960 Ᾱλιὺοις.
698 3902 775 3954 Ex
810 3904 892 3956 his
918 3892 1104 3962 Ᾰλεὺοις
1130 3898 1273 3971 apud
1300 3900 1479 3954 Theo-

462 3974 653 4029 critum
676 3982 923 4044 occurrit,
938 3980 1093 4051 Idyll.
1112 3982 1269 4045 xv1;
1302 3978 1390 4033 sed
1414 3982 1481 4033 ab

1569 1542 1688 1604 isto,
1703 1537 1772 1591 de
1785 1557 1892 1610 quo
1911 1538 2122 1603 Noster,
2134 1536 2393 1589 diversus.
2408 1534 2588 1589 Hum.

1652 1621 1746 1673 86.
1767 1618 2098 1687 Philosophos.
2122 1618 2222 1682 Hi,
2246 1614 2446 1687 inquit,
2469 1634 2592 1685 pro·

1570 1697 1710 1750 xime
1738 1696 2026 1767 appellati,
2056 1696 2496 1767 philosophorum
2525 1695 2594 1747 si·

1569 1777 1800 1827 mulacra
1829 1778 2018 1827 fecere.
2061 1776 2220 1827 Juvat
2257 1794 2324 1827 ex
2363 1770 2590 1829 Sidonio

1568 1852 1770 1906 discere
1785 1893 1802 1918 ‚
1827 1872 1944 1924 quo
1961 1854 2129 1906 forma
2149 1856 2404 1923 cujusque
2425 1854 2563 1906 foret
2577 1890 2597 1919 ,.

1568 1931 1662 1983 lib.
1682 1931 1781 1994 IX,
1800 1950 1884 2000 ep.
1904 1950 1936 1998 9
1965 1924 1989 1980 ε’
2012 1953 2034 1974 ι
2053 1930 2156 1982 Per
2171 1931 2440 1999 gymnasia
2462 1931 2590 2000 pin-

1569 2021 1765 2079 guntur
1819 2009 2185 2077 Areopagitica
2205 2046 2222 2073 ,
2261 2008 2348 2059 vel
2400 2010 2587 2077 Pryta-

1568 2105 1726 2138 neum
1747 2125 1762 2152 ,
1797 2086 2125 2157 Speusippus
2151 2086 2357 2138 cervice
2388 2102 2548 2137 curva
2564 2124 2583 2150 ,

1569 2166 1765 2217 Aratus
1805 2164 2010 2236 panda,
2043 2166 2222 2216 Zenon
2255 2166 2428 2217 fronte
2457 2183 2588 2217 con-

1571 2254 1754 2309 tracta,
1776 2244 2037 2315 Epicurus
2053 2255 2172 2296 cute
2188 2242 2435 2306 distenta,
2459 2244 2593 2295 Dio-

1571 2342 1727 2394 genes
1734 2325 1893 2376 barba
1910 2335 2172 2386 comante,
2187 2322 2423 2375 Socrates
2435 2340 2588 2375 coma

1569 2400 1852 2467 candente,
1894 2401 2201 2454 Aristoteles
2240 2402 2460 2455 brachio
2494 2420 2588 2454 ex·

1570 2494 1709 2535 serto
1725 2520 1740 2544 ,
1775 2482 2094 2533 Xenocrates
2137 2499 2292 2536 crure
2327 2481 2550 2533 collecto
2569 2520 2587 2545 ,

1570 2560 1864 2613 Heraclitus
1891 2558 2020 2612 fletu
2051 2561 2222 2612 oculis
2247 2558 2433 2612 clausis
2449 2599 2464 2624 ‚
2484 2561 2585 2613 De-

1569 2640 1827 2693 mocritus
1851 2640 1958 2691 risu
1983 2639 2140 2692 labris
2161 2640 2354 2709 apertis
2373 2678 2390 2703 ‚
2411 2640 2586 2711 Chry-

1569 2718 1752 2788 sippus
1789 2716 1964 2789 digitis
1989 2731 2214 2789 rpropter
2238 2736 2590 2771 numerorum

1569 2794 1763 2850 indicia
1779 2798 2090 2861 constrictis,
2106 2795 2353 2849 Euclides
2366 2809 2588 2867 propter

1569 2894 1930 2928 mensurarum
1958 2877 2120 2946 spatia
2147 2877 2364 2941 laxatis,
2395 2876 2584 2929 Clean-

1569 2954 1684 3007 thes
1714 2966 1934 3026 propter
1966 2968 2248 3026 utrumque
2283 2955 2526 3009 corrosis.
2554 2980 2577 3002 ι

1650 3035 1724 3102 87
1737 3073 1748 3084 .
1781 3035 1985 3104 Apollas
2008 3046 2058 3085 et
2081 3036 2336 3087 adorantes
2350 3035 2581 3101 seminas.

1567 3112 1911 3177 Hermolaus,
1957 3114 2153 3165 anhelas
2201 3126 2251 3165 et
2291 3114 2546 3164 adorantes
2561 3130 2584 3163 .-

1566 3191 1649 3243 vel
1666 3192 1878 3261 plebeias
1896 3203 1941 3242 et
1965 3192 2236 3243 adorantes.
2260 3194 2411 3245 Voss.
2432 3190 2590 3259 Apel-

1565 3271 1638 3322 las
1662 3271 1750 3322 sed
1776 3272 2026 3323 adorantes
2054 3291 2104 3325 se
2124 3272 2354 3339 fiminas.
2391 3270 2546 3322 Forte
2570 3308 2588 3333 ,

1571 3375 1594 3396 ι
1630 3350 1840 3419 Apellae
1887 3350 2086 3403 Ledam
2131 3364 2184 3404 et
2231 3362 2481 3405 ornantes
2527 3365 2585 3401 se

1565 3426 1803 3481 feminas.
1829 3454 1851 3475 ιι
1873 3428 2055 3481 Gnon.

1646 3508 1732 3559 88.
1755 3508 2152 3579 PerLzJomenon.
2175 3510 2251 3561 Ut
2266 3508 2586 3579 Polycletus,

1563 3586 1856 3657 Lysippus,
1880 3584 2138 3640 DoedaluS.
2166 3590 2304 3640 Du..
2335 3618 2414 3627 —-
2443 3586 2586 3637 Peri-

1569 3685 1850 3736 xyomenon.
1881 3666 1987 3731 Qui
2025 3684 2122 3736 per
2166 3666 2440 3719 circuitum
2491 3677 2584 3716 aut

1568 3745 1761 3809 comit,
1799 3756 1889 3797 aut
1929 3746 2121 3809 scabit,
2158 3742 2446 3812 extergitve
2484 3760 2576 3793 se:

1569 3835 1629 3875 ut
1658 3824 2009 3893 ἀποξυόμενος,
2040 3821 2108 3875 de
2137 3840 2243 3893 quo
2272 3839 2452 3889 supra,
2487 3822 2582 3890 qui

1568 3898 1836 3973 distringit
1867 3921 1934 3954 se.
1964 3902 2140 3953 Ham).

1651 3984 1739 4049 89.
1753 3980 2202 4053 Tyrannicidasque.
2221 3976 2586 4031 Harmodium
