2975 4684
479 387 615 485 592
1018 391 1095 480 c.
1148 387 1475 458 PLINH
1524 391 1731 460 NAT.
1781 393 2024 461 Hls‘r.
2137 433 2144 444 .

476 523 789 592 advectos
826 522 1112 616 primum
1140 573 1158 606 ,
1202 545 1384 614 quos·
1410 524 1628 592 Graeci
1673 537 1967 592 macatos
2023 523 2347 595 vocabant
2368 512 2439 596 ⁵⁸.
2469 531 2598 598 Fa-

475 654 651 697 mam
697 629 790 696 rei
832 627 1059 696 fecere·
1082 627 1401 720 proxi'mae
1440 629 1792 697 Pannoniae
1819 683 1839 714 ‚
1872 628 1940 697 id
1985 631 2381 723 accipientes
2423 637 2603 704 circa

478 750 658 803 mare
676 733 1101 802 Adriaticum.
1125 730 1303 801 Pado
1323 757 1481 802 vero
1499 758 1768 803 annexae
1794 734 2028 804 fabulae
2047 723 2360 805 videtur⁵⁹
2379 762 2601 824 causa,

474 841 802 960 hodieque
837 836 1456 932 Transpadanorum
1488 840 1860 934 agrestibus
1885 841 2138 910 feminis
2155 826 2230 928 ⁶⁰,
2257 843 2598 913 monilium

476 948 621 1016 vice
663 946 929 1014 succina
966 943 1410 1037 gestantibus,
1460 948 1741 1014 maxime
1781 946 2039 1015 decoris
2075 949 2320 1041 gratia,
2379 951 2491 1018 sed
2531 964 2600 1019 et

476 1051 815 1120 medicinae
832 1035 879 1074 ⁶¹
907 1050 1218 1162 :quando
1246 1049 1522 1118 tonsillis
1549 1052 1840 1119 creditur
1863 1054 2191 1138 resistere,
2215 1068 2282 1122 et
2308 1054 2598 1124 faucium

476 1159 683 1243 vitiis,
720 1157 902 1224 vario
941 1180 1180 1285 genere
1210 1142 1576 1248 aquarum⁶
1581 1155 1814 1250 'juxta
1850 1157 2198 1226 infestante
2224 1173 2490 1252 guttura
2517 1185 2598 1230 ac

377 1281 439 1335 13
476 1264 725 1331 vicinas
763 1247 1026 1332 earnes⁶
1030 1247 1441 1330 {Sexcentis
1480 1261 1614 1331 fere
1639 1287 1696 1332 Μ
1727 1287 1896 1357 pass,
1926 1287 1960 1331 a
1987 1267 2333 1333 Carnunto
2353 1250 2404 1296 ⁶⁴
2429 1269 2597 1334 Pan·

476 1370 689 1438 noniae
730 1368 915 1437 abest
956 1366 1137 1436 littus
1183 1367 1245 1435 id
1294 1370 1698 1456 Germaniae,
1743 1393 1824 1436 ex
1861 1394 1994 1462 quo
2029 1370 2394 1453 invehitur,
2436 1397 2594 1466 per-

474 1477 811 1570 cognitum
851 1496 1083 1567 nuper.
1126 1472 1309 1541 Vidit
1366 1474 1538 1542 enim
1593 1497 1791 1568 eques
1844 1498 2183 1558 romaum,
2243 1478 2474 1606 m⁵issus
2511 1477 2596 1546 ad

474 1579 538 1648 id
580 1579 1100 1699 comparandum
1140 1603 1177 1646 a
1204 1578 1469 1648 Juliano
1499 1595 1769 1648 curante
1796 1565 2318 1698 gladiatoriun1⁶⁵
2355 1607 2597 1653 munus
2639 1625 2654 1638 ι

472 1688 758 1756 Neronis
810 1686 1153 1780 principis,
1208 1686 1321 1779 qui
1382 1685 1528 1754 haee
1571 1688 1966 1756 commercia
2019 1701 2084 1754 et
2137 1685 2357 1756 littora
2407 1713 2597 1782 pera-

473 1795 721 1887 gravit,
748 1807 929 1860 tanta
957 1793 1147 1885 copia
1171 1793 1469 1877 invecta,
1515 1806 1592 1860 ut
1621 1793 1784 1860 retia
1814 1791 2112 1861 arcendis
2134 1791 2286 1862 feris
2321 1794 2594 1888 podium
2645 1855 2652 1858 .

472 1899 885 1992 protegentia
937 1899 1206 1966 succino
1262 1883 1735 1966 nodarentur⁶⁶
1767 1925 1784 1966 z
1837 1922 2022 1967 arma
2073 1924 2274 1984 vero,
2328 1915 2395 1969 et
2453 1898 2592 1969 libi-

555 2122 647 2174 58.
690 2121 910 2172 Μαι-αισι
956 2119 1213 2170 vocabant.
1258 2119 1492 2189 Maiores

473 2199 671 2252 succini
720 2199 895 2269 glebas
912 2235 928 2262 ,
985 2199 1067 2248 vel
1121 2196 1453 2267 pretiosiores
1471 2236 1487 2263 ,

472 2280 727 2349 μακῖςους.
756 2278 938 2329 Hann-

556 2360 649 2428 59.
682 2359 902 2410 Atmexoe
919 2355 1101 2420 fabuloe
1122 2353 1311 2408 videtur
1326 2375 1491 2408 causa.

472 2439 641 2492 solini
670 2434 1027 2508 paraphrasis,
1053 2452 1168 2504 cap.
1196 2453 1291 2498 xx,
1308 2453 1366 2504 p.
1391 2441 1491 2500 40,

473 2518 541 2570 de
582 2517 796 2570 succino
828 2533 842 2567 ε
868 2535 889 2556 α
920 2515 1155 2566 Pretium
1204 2533 1379 2584 operae
1415 2529 1494 2568 est

472 2598 551 2649 ire
562 2595 787 2666 longius,
802 2611 871 2646 ne
888 2591 1107 2645 Padanae
1119 2593 1260 2646 silvo
1271 2593 1493 2646 credan-

474 2689 561 2728 tur
582 2672 813 2746 lapidem
842 2673 1062 2725 flevisse.
1089 2673 1243 2725 Hane
1264 2674 1493 2744 speciem

472 2755 529 2807 in
578 2754 853 2823 Illyricum
910 2751 1119 2805 barbari
1167 2753 1496 2818 intulerunt,

471 2853 588 2907 quae
611 2852 775 2905 quum
797 2851 893 2903 per
917 2832 1217 2885 Pannonica
1240 2851 1497 2884 commer-

471 2916 551 2966 cia
592 2933 689 2966 usn
718 2910 787 2966 ad
817 2911 1221 2983 Transpadanos
1251 2911 1494 2963 homines

471 2994 609 3046 foret
650 2992 929 3056 devoluta,
966 2989 1114 3062 quod
1152 2991 1225 3042 ibi
1256 2990 1492 3060 primum

468 3074 636 3125 nostri
680 3070 949 3136 viderant,
993 3070 1069 3122 ibi
1106 3070 1263 3122 etiam
1307 3082 1493 3122 natum

470 3163 805 3222 putaverunt.
833 3176 855 3196 ι
888 3150 1071 3203 Hann-

550 3233 639 3284 60.
704 3231 1159 3298 Transpadanorum
1223 3227 1492 3298 agrestibus

458 3311 674 3378 seminis.
693 3309 778 3361 Sic
803 3309 957 3362 MSS.
978 3327 1087 3361 non
1116 3308 1494 3378 Transpadana-

470 3410 592 3445 rum.
638 3385 911 3453 Isidorus,
965 3387 1118 3458 Orig.
1169 3387 1265 3440 lib.
1318 3387 1483 3446 XVI,

468 3490 584 3542 cap.
618 3472 649 3524 8
682 3490 694 3520 z
733 3496 755 3517 ι
782 3469 827 3521 Ε
866 3467 1080 3521 succino
1110 3467 1247 3518 fiunt
1284 3463 1493 3518 decoris

469 3550 634 3620 gratia
663 3548 941 3618 agrestium
972 3545 1287 3598 seminarum
1316 3543 1489 3596 moni·

450 3621 559 3682 tia.
586 3655 607 3676 ι
644 3626 874 3681 Ovidius
908 3643 1065 3695 supra
1096 3621 1369 3689 laudatus,
1400 3641 1487 3674 nu·

469 3709 599 3761 ribus
628 3705 863 3776 gestanda
899 3707 1103 3756 Latinis.
1136 3703 1316 3755 Herm.

550 3791 645 3841 61.
680 3785 783 3839 Sed
813 3799 861 3837 et
898 3783 1157 3836 medicinoe.
1182 3779 1321 3834 Vide
1356 3781 1496 3834 Mat-

468 3865 697 3919 thiolnm
721 3867 776 3918 in
805 3865 983 3918 Diose.
1007 3863 1105 3915 lib.
1134 3861 1193 3927 1,
1224 3879 1343 3931 cap.
1378 3859 1450 3929 93
1471 3897 1489 3927 ,

467 3961 589 4014 pag.
622 3945 751 4014 139.
782 3944 961 3996 1111111.

547 4025 643 4074 62.
674 4023 884 4075 Vario...
900 4041 1155 4092 aqtmrum·
1189 4019 1487 4074 Praesertim

1576 2118 1976 2191 nivalium,un
1988 2123 2276 2178 exsummis
2286 2125 2494 2196 Alpium
2503 2128 2596 2197 jn·

1575 2199 1654 2268 gis
1681 2199 1890 2268 liquatus
1907 2219 2030 2252 cum
2058 2205 2300 2256 amnibus
2325 2205 2600 2258 corrivan-

1579 2291 1681 2330 tur.
1725 2277 1861 2332 Inde
1901 2283 2116 2335 strumis
2142 2302 2325 2338 eorum
2358 2283 2596 2337 amnium

1577 2357 1770 2410 accola
1803 2372 2122 2431 potoresque
2149 2363 2381 2415 obnoxii.
2416 2363 2594 2418 Hann-

1660 2435 1752 2490 63.
1779 2441 1861 2490 Ac
1891 2443 2070 2491 vicinas
2093 2461 2276 2492 carnes.
2301 2441 2495 2495 Nullus
2521 2455 2600 2495 est

1577 2533 1608 2568 e
1633 2515 1784 2570 MSS.
1812 2516 2082 2570 codicibus
2112 2520 2201 2588 qui
2235 2519 2488 2574 Salmasio
2517 2521 2598 2575 fa·

1577 2607 1725 2658 vent,
1751 2596 1819 2648 ita
1853 2596 2044 2664 legenti
2073 2615 2084 2645 :
2125 2621 2147 2642 ι
2185 2597 2338 2648 Juxta
2369 2597 2433 2649 iis
2461 2599 2600 2653 infe-

1575 2685 1741 2727 stante
1755 2685 1992 2744 gnttura‚
2003 2691 2064 2725 ac
2082 2674 2266 2727 vicinis
2277 2676 2480 2730 Carnis.
2494 2677 2597 2733 »H-

1657 2755 1748 2816 64.
1795 2753 2062 2806 Carnunto.
2099 2753 2356 2807 Carnunti
2401 2755 2597 2814 rudera

1579 2830 1750 2884 adhue
1777 2831 2027 2885 videntur
2056 2833 2192 2886 inter
2217 2833 2510 2906 Hambourg
2541 2849 2598 2890 et

1578 2911 1830 2964 Petroneb.
1857 2913 2020 2966 Βιιοτ.

1658 2990 1751 3044 65.
1779 2991 2137 3044 Gladiatorium
2155 3011 2336 3045 memus.
2356 2993 2516 3058 Quod
2539 2995 2594 3047 in

1579 3069 1969 3140 amphitheatro
2016 3071 2225 3141 ligneo,
2274 3071 2330 3124 in
2381 3073 2598 3144 regione

1579 3149 1755 3200 Martii
1801 3149 1974 3221 campi
2016 3149 2153 3203 intra
2198 3153 2322 3204 anni
2365 3153 2594 3224 spatium

1577 3228 1832 3282 fabricato
1877 3226 2043 3282 dedit.
2084 3229 2366 3283 Suetonius
2391 3231 2446 3283 in
2483 3231 2594 3284 Ne-

1575 3325 1737 3370 rone,
1765 3325 1884 3378 cap.
1908 3327 2013 3378 xn.
2037 3309 2224 3362 Ham).

1659 3389 1752 3439 66.
1785 3387 1854 3440 Ue
1874 3391 1993 3440 retia
2019 3389 2236 3440 arcendis
2245 3388 2372 3456 seris
2397 3389 2594 3458 podium

1571 3470 1872 3536 protegentia
1911 3468 2113 3520 succinis
2163 3481 2443 3520 notarentur
2482 3465 2595 3530 (sic

1578 3545 1727 3616 prius
1745 3543 1783 3609 ).
1835 3545 1974 3617 Lege
2009 3567 2019 3597 :
2057 3551 2248 3599 succino
2287 3547 2592 3598 nodarentur.

1581 3627 1741 3678 Arma
1773 3627 1952 3678 omnia
1981 3625 2318 3694 gladiatoria,
2348 3637 2400 3678 et
2421 3645 2542 3678 vasa
2565 3643 2595 3678 e

1579 3703 1712 3757 ludo
1726 3705 2020 3775 composita
2031 3717 2180 3757 erant
2199 3703 2427 3756 succino.
2447 3705 2594 3758 Retia

1579 3801 1742 3854 porro
1781 3800 1898 3856 qnae
1943 3781 2166 3854 podium
2218 3785 2594 3853 protegebant,

1581 3863 1797 3916 succino
1837 3876 1986 3915 erant
2013 3859 2236 3922 nodata,
2266 3863 2302 3914 i.
2340 3880 2386 3914 e.
2421 3863 2595 3916 nodos

1576 3942 1842 3996 habebant
1869 3960 1900 3993 e
1939 3940 2186 4002 succino,
2219 3941 2302 3993 vel
2341 3941 2456 3994 loeo
2493 3959 2592 3993 no-

1577 4019 1769 4074 dorum
1807 4019 2105 4074 succinum:
2139 4020 2320 4073 nodosa
2351 4021 2470 4073 mia
2495 4019 2590 4074 Ti-
