2975 4684
1055 370 1368 438 LIBER
1421 371 1821 439 xxxvl.
2332 372 2495 443 561-

363 526 554 587 num,
577 500 660 569 ad
693 500 938 571 escaria
959 502 1142 569 varia
1171 522 1356 598 vasa,
1377 512 1444 567 et
1475 512 1691 567 totum
1722 499 1965 569 rubens
1984 496 2229 571 vitrum
2250 516 2481 598 ‚atque

364 634 502 677 non
533 606 974 691 translucens,
1002 601 1453 675 haematinon¹²
1491 602 1911 699 appellatum.
1948 591 2101 673 Fit¹³
2128 622 2195 676 et
2220 606 2481 699 album,

362 728 428 783 et
457 713 906 795 murrhinum‚
943 726 1058 779 aut
1089 710 1477 803 hyacinthos
1516 710 1987 805 sapphirosque
2020 713 2381 803 imitatum,
2414 732 2485 784 et

361 819 670 891 omnibus
703 818 842 887 aliis
878 816 1224 887 coloribuS.
1259 818 1400 885 Nec
1427 830 1529 885 est
1558 816 1681 885 alia
1716 840 1895 900 nunc
1932 821 2201 887 materia
2238 846 2477 915 sequa·
2518 850 2549 901 3

363 912 590 1009 cior¹⁴‚
623 941 738 994 aut
761 926 956 993 etiam
985 925 1258 1018 picturae
1290 922 1870 991 accommodatior.
1905 924 2232 994 Maximus
2260 941 2485 997 tamen

363 1030 616 1101 honos
599 1056 668 1097 m
704 1028 984 1100 candido
1011 1026 1603 1107 translucentibus,
1632 1052 1829 1122 quam
1859 1030 2157 1121 proxima
2193 1032 2481 1126 crystalli

365 1136 812 1207 similitudine.
861 1138 1042 1211 Usus
1088 1158 1250 1202 vero
1289 1133 1372 1203 ad
1415 1110 1783 1228 potandum
1823 1136 2077 1225 argenti
2116 1137 2377 1205 metalla
2417 1156 2486 1209 et

364 1244 506 1311 auri
542 1240 812 1337 pepulit.
871 1244 992 1309 Est
1026 1237 1286 1308 autem¹
1293 1224 1585 1309 ⁵caloris
1619 1240 2000 1333 impatiens,
2048 1240 2113 1306 ni
2240 1244 2486 1315 aecedat

365 1347 642 1442 frigidus
659 1345 906 1439 liquor
913 1364 1132 1437 quum
1146 1344 1368 1412 addita
1385 1368 1555 1438 aqua
1570 1343 1951 1438 vitreaepilae
1974 1344 2131 1414 sole¹
2181 1346 2483 1433 adverSO,

250 1462 255 1469 “
365 1452 434 1521 in
476 1466 734 1521 tantum
792 1449 1272 1519 excandescant
1293 1502 1314 1537 ,
1365 1465 1441 1518 ut
1482 1466 1697 1519 vestes
1744 1464 2044 1519 exurant.
2090 1454 2487 1546 Fragmenta

368 1570 670 1649 teporata
723 1552 1217 1649 agglutinantur
1275 1569 1533 1624 tantum
1582 1582 1596 1623 ε
1653 1580 1876 1624 rursus
1925 1570 2067 1625 tota
2114 1556 2305 1628 fundi
2349 1585 2488 1629 non

363 1674 652 1755 queunt,
685 1673 1126 1787 praeterquam
1163 1658 1444 1754 abrupta
1479 1660 1759 1729 sibimet.
1796 1661 2019 1755 Tingit
2048 1686 2154 1731 ars
2170 1661 2242 1750 ¹⁷,
2288 1664 2489 1734 veluti

364 1792 573 1862 quum
595 1750 892 1835 calculi¹⁸
929 1764 1120 1849 fiunt,
1137 1790 1304 1859 quos
1334 1764 1607 1858 quidam
1642 1762 1953 1835 abaculos
1985 1766 2341 1862 appellant,
2372 1770 2489 1840 ali·

364 1948 578 1995 omnes,
618 1942 670 1982 et
699 1928 854 1981 MSS.
899 1926 1252 1998 nequicquam
1282 1926 1382 1978 im-

365 2022 606 2063 mutante
629 2007 901 2071 Salmasio,
924 2005 980 2057 in
1002 2006 1167 2059 Solin.
1193 2026 1250 2075 p.
1270 2023 1338 2075 9¹
1362 2024 1378 2059 :

369 2088 496 2143 «Fit
521 2101 573 2141 et
593 2088 820 2140 tinctura
845 2104 909 2139 ex
931 2104 1120 2155 genere
1136 2083 1382 2138 obsidia-

367 2168 456 2235 ni,
482 2179 581 2220 etc.
609 2167 850 2219 ιΗΔιι).

448 2265 534 2301 12.
565 2246 892 2297 Hoematinon.
933 2244 1232 2314 Αῑμσὶτινον,
1263 2260 1378 2295 san-

364 2326 598 2395 guinem.
621 2322 803 2376 Hau).

456 2403 664 2457 13.F1't
695 2414 746 2453 et
781 2402 968 2465 album,
999 2412 1048 2452 et
1073 2400 1380 2453 munloeinum.

367 2481 530 2549 Quod
563 2483 868 2535 murrhinos
909 2480 1098 2533 calices
1126 2478 1382 2543 imitetur,

365 2575 457 2617 aut
483 2562 788 2633 hyacinthi,
807 2560 1106 2631 sapphirive
1129 2558 1381 2611 colorem.

365 2641 628 2707 Isidorus,
647 2642 800 2711 Orig.
827 2640 921 2693 lib.
939 2640 1102 2703 XVI,
1123 2656 1168 2690 c.
1196 2654 1219 2688 ι
1234 2637 1284 2690 5.
1308 2636 1378 2689 Η.

453 2728 540 2783 14.
567 2722 674 2773 Nec
701 2732 770 2772 est
796 2722 896 2771 alia
924 2738 1046 2771 nunc
1081 2721 1280 2768 matere'a
1309 2736 1384 2767 se-

369 2804 580 2871 quacior.
622 2800 764 2851 Dum
803 2798 930 2849 flatu
969 2797 1244 2865 figuratur.
1285 2795 1384 2845 Isi·

369 2876 532 2931 dorus
578 2877 724 2929 hunc
767 2876 945 2928 locum
997 2873 1180 2944 legisse
1229 2874 1385 2925 aliter

369 2956 622 3011 videtur:
659 2956 908 3025 «Neque
945 2966 1020 3007 est
1047 2953 1179 3016 alia,
1209 2951 1384 3023 inquit

367 3037 470 3089 loc.
518 3036 607 3089 cit.
647 3033 874 3105 speculis
921 3033 1097 3104 aptior
1136 3032 1384 3096 materia,

367 3116 451 3169 vel
491 3115 706 3185 pictura
729 3110 1190 3169 accommodatior.
1213 3102 1384 3165 Maxi-

367 3214 486 3249 mus
528 3206 703 3247 tamen
746 3192 964 3245 honor
951 3212 1008 3245 in
1042 3190 1266 3246 candido
1301 3190 1384 3244 vi·

366 3288 481 3339 tro,
513 3286 668 3327 etc.
699 3274 908 3326 Haan..

453 3373 476 3408 ι
491 3356 540 3407 5.
595 3354 696 3405 Est
739 3364 914 3405 autem.
957 3351 1200 3405 Calorem
1245 3352 1383 3403 ferre

364 3434 566 3487 vitreus
595 3434 736 3486 calix
777 3450 886 3485 non
918 3443 1120 3501 potest,
1150 3428 1240 3483 sed
1273 3429 1384 3500 igni

366 3514 648 3585 applicitus
682 3512 961 3582 frangitur,
993 3510 1096 3562 nisi
1135 3528 1270 3579 aqua
1302 3510 1384 3561 in-

365 3593 625 3647 terveniat
657 3613 669 3643 z
707 3610 872 3663 quum
908 3603 1084 3643 tamen
1117 3590 1274 3642 orbes
1303 3588 1384 3641 vi·

368 3672 470 3725 trei
517 3690 652 3741 aqua
711 3671 852 3742 pleni
912 3670 1036 3723 solis
1095 3667 1257 3721 radiis
1311 3668 1386 3721 sic

365 3748 776 3814 excandescant,
803 3764 901 3803 etc.
925 3748 1105 3802 Hiar).

455 3846 478 3880 1
491 3832 542 3881 6.
571 3830 754 3883 Vitreoe
765 3831 884 3902 pila·
899 3830 1000 3881 sole
1017 3829 1228 3881 adverso.
1247 3827 1384 3897 Cry-

367 3908 586 3962 stallina
599 3911 878 3983 praecipue.
895 3907 1028 3963 Inde
1045 3920 1254 3980 reperta
1271 3924 1390 3977 spe-

369 3988 614 4041 culorum
628 3991 896 4045 urentium
908 3989 1144 4045 materia.
1161 3988 1298 4040 Du..
1309 4016 1388 4029 --

516 4088 642 4156 IX.

1471 1928 1659 1979 Vitrea
1679 1928 1813 1997 pila.
1846 1929 2179 1996 Lactantius,
2201 1933 2297 1985 lib.
2321 1934 2427 1988 de
2410 1954 2489 1989 ira

1467 2007 1601 2072 Dei,
1627 2024 1741 2077 cap.
1772 2026 1870 2073 ιο,
1898 2028 2018 2079 pag.
2056 2010 2163 2065 508
2188 2032 2203 2062 t
2237 2034 2258 2055 ι
2286 2014 2488 2068 Orbem

1464 2086 1693 2139 vitreum
1732 2087 1949 2157 plenum
1983 2106 2131 2159 aqum
2168 2090 2213 2143 si
2252 2094 2489 2147 tenueris

1465 2164 1521 2216 in
1549 2166 1687 2230 sole,
1714 2165 1783 2219 de
1810 2166 2011 2219 lumine
2028 2209 2043 2229 ,
2079 2168 2227 2239 quod
2259 2172 2325 2223 ab
2350 2192 2489 2244 aqua

1465 2246 1691 2316 refulget
1708 2286 1723 2311 ,
1746 2245 1878 2315 ignis
1897 2247 2221 2315 accenditur,
2246 2251 2404 2303 etiam
2429 2254 2487 2305 in

1464 2321 1747 2377 durissimo
1758 2324 2139 2395 frigore.»Plin.
2150 2328 2188 2380 l.
2204 2329 2489 2395 XXXVII,

1463 2421 1583 2473 cap.
1612 2422 1676 2456 to
1712 2422 1725 2454 :
1760 2405 2039 2457 «Invenio
2072 2407 2334 2473 medicos,
2366 2428 2487 2481 quae

1467 2492 1589 2531 sunt
1614 2430 1815 2535 urenda
1846 2502 2161 2555 corporum,
2193 2506 2306 2541 nou
2334 2489 2487 2544 aliter

1469 2560 1655 2613 utilius
1681 2558 1736 2612 id
1761 2560 1878 2613 fieri
1910 2578 2128 2632 putare,
2170 2586 2329 2638 quam
2362 2587 2483 2640 cry·

1467 2639 1675 2691 stallina
1713 2640 1849 2709 pila,
1884 2640 2113 2697 adversis
2153 2647 2323 2715 posita
2360 2649 2487 2702 solia

1466 2717 1689 2771 radii&-
1724 2718 1903 2773 Ham).

1556 2813 1643 2865 17.
1704 2797 1871 2866 Te'ngil
1925 2818 2019 2849 ars.
2063 2800 2217 2853 Vitra
2268 2804 2482 2861 scilieet.

1469 2876 1591 2928 Non
1626 2876 1825 2929 habent
1847 2876 1940 2929 has
1968 2896 2121 2930 voces
2154 2880 2276 2932 libri
2306 2882 2486 2939 hacte-

1469 2974 1570 3007 nus
1598 2954 1745 3008 editi.
1780 2957 1905 3025 neg.
1934 2954 2054 3009 cod.
2085 2977 2113 3009 2
2132 2998 2145 3021 ,
2178 2963 2357 3029 tinguit
2379 2966 2485 3019 has.

1470 3034 1627 3088 colb.
1660 3035 1713 3100 3,
1745 3038 1920 3105 tingui.
1946 3036 2090 3101 Quid
2115 3040 2335 3109 propius
2358 3063 2485 3097 vero

1469 3112 1769 3178 videretur,
1830 3115 1963 3167 nihil
2020 3120 2251 3171 occurrit
2304 3122 2447 3177 aliud
2466 3162 2483 3187 ‚

1469 3212 1627 3265 quam
1672 3198 1821 3263 tingit
1847 3214 1943 3249 ars.
1983 3196 2163 3261 Quum
2195 3204 2484 3270 praesertim

1467 3274 1708 3343 sequenti
1758 3276 1999 3345 proxime
2062 3296 2175 3349 cap.
2224 3280 2423 3349 legatur
2467 3298 2482 3333 z

1476 3353 1776 3406 .Peracti⁸
1806 3354 2051 3408 omnibus
2093 3376 2209 3428 qum
2245 3378 2370 3413 cons
2348 3372 2487 3412 tant

1465 3431 1707 3503 ingenio,
1730 3446 1895 3486 artem
1916 3447 2103 3488 natura
2124 3423 2351 3490 faciente
2366 3456 2485 3490 suc-

1468 3512 1661 3574 currit,
1690 3526 1792 3569 etc.
1812 3538 1835 3567 ι
1864 3514 2044 3569 Hann-

1556 3610 1575 3643 ι
1588 3594 1639 3647 8.
1675 3592 1897 3645 Calculi.
1963 3612 2144 3663 ..quos

1471 3672 1599 3725 Seru
1607 3690 1722 3741 pos,
1736 3673 1946 3742 opinor,
1966 3672 2189 3723 lusor-ios
2210 3672 2455 3745 intelligit
2470 3716 2484 3739 ‚

1470 3752 1565 3822 qui
1600 3751 1943 3803 versicolores
1972 3762 2139 3802 erant.
2166 3750 2269 3803 Des
2308 3753 2483 3807 dames.

1471 3830 1583 3883 Alii
1606 3830 1836 3883 calculos
1856 3828 2193 3899 intelligunt,
2216 3832 2411 3902 quibua
2433 3834 2487 3887 in

1474 3910 1853 3980 supputatione
1894 3926 2237 3962 nummorum
2267 3914 2485 3969 utimur.

1474 3988 1579 4041 Des
1595 3992 1771 4059 jerom.
1808 3988 1987 4041 Huc.

2208 3594 2483 3648 abundos.

2096 4084 2249 4169 ‚36
