2975 4684
1103 352 1415 423 LIBER
1457 350 1818 419 XXXVI.
2399 346 2534 421 515

414 481 715 577 profecto
761 480 1137 575 impendio,
1206 496 1279 551 et
1348 504 1703 575 operarum
1767 478 2184 551 multitudine
2248 506 2368 577 per
2441 498 2542 554 tot

412 612 658 657 annos:
698 611 901 682 quum
936 602 1052 656 aut
1082 589 1436 658 corrivatio
1470 610 1822 680 aquarum,
1843 610 1972 677 qua
2011 601 2310 657 terrenus
2348 614 2541 661 mons

417 709 593 779 erat,
628 709 1006 789 egereretur
1036 695 1104 762 in
1138 695 1384 763 vertice
1419 692 1770 779 machiniS,
1804 705 1918 761 aut
1949 691 2111 761 silex
2143 694 2538 765 caederetur:

414 794 770 893 omniaque
814 802 989 869 intus
1044 802 1111 869 in
1166 799 1450 869 tenebris
1499 798 1766 881 fierent,
1808 822 1954 892 quae
2009 824 2223 893 neque
2279 805 2542 898 concipi

414 908 675 989 animo,
730 908 856 975 nisi
918 907 1001 975 ab
1046 908 1123 975 iis
1180 908 1295 1001 qui
1332 904 1557 975 videre
1580 958 1598 989 ,
1653 928 1870 996 neque
1905 903 2198 974 humano
2239 932 2542 979 sermone

416 1013 713 1081 enarrari
750 1026 1053 1106 possunt.

522 1120 693 1189 Nam
723 1133 957 1212 portus
989 1116 1311 1189 Ostiensis
1332 1115 1408 1141 '⁰⁰
1436 1140 1605 1210 opus
1633 1129 1989 1211 praetereo:
2032 1116 2191 1184 item
2209 1118 2348 1185 vias
2376 1122 2546 1189 inter
2585 1152 2648 1186 20

419 1238 679 1295 montes
728 1225 977 1293 excisas
1010 1248 1025 1289 τ
1068 1228 1251 1291 mare
1290 1223 1710 1316 Tyrrhenum
1759 1245 1802 1289 a
1835 1220 2128 1289 Lucrino
2149 1219 2220 1245 ¹⁰¹
2266 1224 2546 1296 molibus

418 1328 745 1401 seclusum
779 1353 793 1396 :
825 1342 927 1399 tot
955 1322 1190 1423 pontes
1222 1330 1420 1397 tantis
1446 1326 1796 1421 impendiis
1831 1326 2059 1395 factos.
2091 1328 2179 1395 Et
2213 1330 2383 1397 inter
2413 1330 2548 1423 plu·

420 1437 589 1505 rima
642 1432 769 1503 alia
830 1432 1041 1502 Italiae
1094 1431 1451 1517 miracula,
1500 1435 1642 1526 ipsa
1697 1455 2032 1501 marmora
2073 1434 2141 1500 in
2187 1431 2549 1527 lapicidinis

420 1562 717 1609 creseere
747 1552 978 1607 auctor
1010 1552 1113 1607 est
1151 1538 1449 1632 Papirius
1480 1530 1845 1623 Fabianm,
1874 1551 2126 1605 naturae
2165 1562 2388 1608 rerum
2425 1566 2548 1634 pe-

354 1654 365 1681 ’
416 1645 769 1713 ritissimus
795 1668 811 1711 :
842 1658 1259 1738 exemptores
1291 1668 1556 1738 quoque
1589 1642 1928 1715 affirmant
1963 1643 2283 1737 comple-ri
2315 1659 2552 1739 sponte

420 1746 531 1819 illa
574 1750 901 1819 montium
945 1748 1233 1819 hulcera.
1285 1750 1455 1838 Quae
1493 1750 1548 1819 si
1581 1773 1741 1817 vera
1777 1762 1965 1834 sunt,
2013 1774 2164 1842 spes
2209 1763 2308 1819 est
2361 1776 2550 1820 num·

420 1878 622 1949 quam
662 1854 1041 1925 defuturam
1082 1853 1431 1923 luxuriam.

526 1950 1025 2051 XXV.(xv1.)A
1043 1959 1483 2029 marmoribus
1505 1958 1898 2053 digredienti
1918 1959 2006 2029 ad
2025 1958 2430 2052 reliquorum
2451 1960 2548 2029 la·-
2597 1988 2616 2024 ι

422 2065 653 2161 pidum
692 2067 979 2159 insignes
1014 2079 1321 2146 naturas,
1351 2052 1499 2157 quis
1532 2064 1789 2133 dubitet
1816 2066 1880 2134 in
1913 2066 2140 2159 primis
2177 2081 2552 2159 magnetem

416 2168 813 2243 occurrere?
846 2171 1004 2265 quid
1036 2171 1210 2239 enim
1236 2168 1642 2269 mira-bilius?
1687 2182 1802 2239 aut
1828 2193 1958 2264 qua
1990 2173 2059 2239 in
2090 2186 2278 2265 parte
2303 2185 2557 2243 naturae

422 2276 634 2368 major
673 2274 1099 2369 improbitas?
1134 2275 1433 2355 Dederat
1468 2300 1700 2345 vocem
1741 2278 1945 2359 saxis,
1985 2290 2063 2345 ut
2097 2276 2430 2362 diximus¹,
2466 2303 2556 2346 re-

422 2381 855 2475 spondentem
902 2380 1157 2448 homini
1184 2432 1201 2463 ‚
1256 2381 1463 2447 immo
1509 2406 1670 2448 vero
1721 2394 1788 2450 et
1836 2381 2323 2477 obloquentem.
2369 2384 2554 2471 Quid

422 2486 658 2582 lapidis
686 2488 904 2581 rigore
944 2482 1243 2580 pigrius?
1273 2486 1449 2552 Ecce
1495 2508 1719 2553 sensus
1759 2510 2126 2580 manusque
2163 2488 2399 2557 tribuit
2435 2488 2549 2557 illi.

421 2592 605 2683 Quid
632 2592 791 2662 ferri
811 2590 1055 2663 duritia
1078 2586 1493 2684 pugnacius?
1513 2588 1640 2656 Sed
1669 2588 1880 2672 cedit,
1902 2604 1971 2658 et
1997 2592 2266 2683 patitur²
2299 2618 2548 2663 mores:

422 2700 711 2767 trahitur
739 2718 1025 2790 namque
1052 2720 1090 2763 a
1113 2709 1419 2791 magnete
1450 2692 1706 2789 lapide,
1729 2642 2166 2822 doniitrixque
2191 2696 2299 2765 illa
2327 2724 2548 2768 rerum

421 2804 722 2871 omnium
758 2804 1033 2869 materia
1072 2800 1157 2867 ad
1198 2802 1393 2867 inane
1440 2801 1662 2869 nescio
1698 2783 1895 2892 quid³
1938 2801 2199 2867 currit·
2241 2817 2438 2895 atque
2480 2820 2555 2875 ut

426 2906 701 3001 propius
751 2909 974 2988 venit,
1008 2896 1291 2985 assistit,
1324 2918 1750 3022 teneturque,
1789 2900 2276 3032 complexuque
2325 2906 2548 2979 haeret.

426 2996 773 3129 Sideritin⁴
786 3010 881 3077 ob
901 3010 1033 3083 hoc
1054 3007 1183 3077 alio
1196 3011 1462 3078 nomine
1476 3008 1834 3105 appellant,
1847 2995 2143 3105 quidam⁵
2159 3012 2547 3083 Heracleon.
2591 3046 2618 3075 2

513 3200 635 3238 ιοο.
662 3180 795 3235 Nam
812 3188 983 3251 pov-ms
1017 3178 1275 3233 Οκτκηκὶς.
1314 3180 1446 3233 Sue·
1534 3178 1604 3231 Η.
1637 3208 1715 3221 -
1745 3178 1874 3232 Mox
1905 3180 2048 3233 Brot.
2073 3192 2273 3248 tenetur,
2315 3198 2416 3242 etc.
2447 3188 2552 3243 En.

426 3260 607 3322 tonius
626 3263 686 3314 in
712 3258 971 3324 ClaudiO,
1004 3258 1450 3328 cap.x1:·Por·
1619 3258 1671 3314 3.
1703 3259 1796 3311 Ad
1828 3260 1970 3310 inane
2005 3264 2160 3313 nescio
2189 3264 2321 3333 quid.
2350 3264 2436 3319 Ad
2465 3272 2556 3323 ali-

432 3360 549 3401 tum
582 3340 751 3395 Ostia
778 3338 1069 3402 exstruxit,
1096 3350 1240 3391 etc.»
1275 3338 1344 3390 Η.
1366 3366 1449 3379 —-·
1537 3333 1670 3409 quid
1693 3337 1844 3409 quod
1863 3336 2035 3390 videri
2058 3342 2228 3393 oculis
2249 3348 2452 3415 nequit.
2481 3347 2550 3401 H.

436 3428 657 3481 Portum
677 3420 971 3473 Ostiensem
985 3428 1161 3487 postea
1180 3418 1451 3486 ampliavit
1621 3425 1671 3480 4.
1693 3416 1938 3469 Sidet-itin.
1971 3413 2214 3490 Σιδηρῖτιν
2233 3420 2460 3493 Hesych.
2483 3426 2551 3481 Η.

432 3496 1166 3569 etornavitTraJanm-Conf.
1184 3496 1447 3565 Tacitum,
1541 3494 1624 3551 oh
1649 3498 1751 3548 boc.
1783 3496 1928 3549 Brot.
1953 3496 2014 3550 ob
2040 3500 2106 3550 id.
2137 3501 2242 3552 En.

430 3598 473 3638 t.
496 3585 568 3647 V,
594 3600 653 3652 p.
686 3579 792 3633 181
826 3576 1023 3630 (tt-385
1052 3574 1137 3627 ed.
1170 3590 1317 3627 meoe.
1347 3576 1447 3628 Ba.
1618 3578 1668 3629 5.
1697 3576 1910 3646 Quidam
1937 3577 2222 3629 Heracleon.
2247 3580 2550 3634 subintelli-

514 3666 639 3714 ιὸι.
660 3660 713 3711 Α
736 3658 963 3711 Luce-ino.
983 3658 1027 3705 A
1050 3654 1285 3707 Lucrino
1304 3655 1445 3716 lacu,
1569 3675 1600 3708 e
1616 3696 1630 3719 ,
1656 3654 1902 3726 lapidem.
1921 3654 2213 3727 Hesychius
2228 3695 2243 3721 ,
2266 3676 2386 3729 pag.
2409 3670 2512 3731 6²7
2535 3680 2548 3714 :

432 3740 503 3795 de
528 3756 635 3812 quo
657 3739 753 3791 lib.
770 3736 890 3801 ΙΙΙ,
916 3752 1031 3805 cap.
1064 3750 1121 3806 9.
1148 3732 1329 3785 llum.
1535 3674 1781 3804 ἓραὶκλεισι
1801 3736 1928 3794 λίθος
1943 3738 2040 3795 ,ἣν
2065 3736 2179 3788 ἔνιοι
2216 3744 2452 3805 μαγνῆτιν
2475 3744 2552 3792 λε’-

517 3812 1788 3882 XXV.1.Uediaein-as.cap.23.11.ouem..
1846 3814 2079 3868 κέκληται
2138 3808 2198 3865 δὲ
2250 3816 2398 3876 οὕτως
2456 3820 2551 3870 ἀπὸ

446 3890 457 3897 ’
531 3915 583 3950 2.
612 3897 887 3965 Etpatim
926 3912 1091 3945 ηιωυκ.
1126 3892 1195 3944 Bt
1222 3890 1457 3943 mitiores
1583 3894 1807 3965 pauleia:
1842 3898 1930 3952 τῆς
1971 3894 2020 3947 ἰν
2044 3887 2206 3961 Λυδίᾳ
2244 3896 2448 3957 πόλεως.
2475 3900 2553 3949 Διὸ

448 3976 654 4029 videtur
680 3974 903 4027 induere
926 3987 979 4027 et
1000 3974 1237 4043 accipere
1263 3988 1452 4023 mores.
1543 3973 1624 4024 καὶ
1648 3976 1886 4040 Σοφοκλῆς
1915 3964 2102 4024 Amyco
2127 3972 2251 4025 λίθον
2287 3976 2435 4032 αὐτὴν
2465 3998 2554 4029 κιο

2169 4069 2293 4140 33²

566 4132 602 4169 Χ
