2975 4684
1065 418 1386 489 EIBER
1437 422 1806 491 xxxvl.

2352 419 2503 495 563

385 556 610 625 detur:
639 570 715 624 ut
753 552 904 626 licet
935 553 1162 624 videre
1199 552 1626 648 gladiatores,
1650 576 1855 649 quum
1892 540 2276 626 deluserunt
2292 541 2339 643 ³,
2366 557 2509 654 ⁸hac

378 663 598 757 juvari
621 662 912 757 potione.
938 690 974 727 ι)
1000 661 1184 751 Quin
1221 674 1286 729 et
1327 660 1806 731 carbunculum
1845 686 2051 755 genus
2088 662 2346 748 morbi,
2377 687 2509 757 quo

385 767 554 838 duos
583 768 957 838 consulares
990 790 1203 862 nuper
1231 767 1615 862 absumptos
1646 768 2087 837 indicavimus

2098 754 2147 855 ⁴,
2182 792 2511 862 querneus

386 874 589 943 carbo
635 876 828 945 tritus
867 900 1016 944 cum
1064 870 1256 943 melle
1309 888 1515 943 sanat.
1572 872 1757 943 Adeo
1808 874 1879 942 in
1933 873 2129 941 rebus
2186 873 2511 943 damnatis

386 1001 682 1075 quoque,
707 1004 786 1051 ac
805 982 944 1074 jam
973 979 1169 1049 nullis
1183 964 1230 1068 ⁵,
1257 995 1411 1049 sunt
1435 980 1653 1075 aliqua
1674 978 1996 1063 remedia,
2024 994 2102 1047 ut
2129 982 2197 1049 in
2226 981 2517 1050 carbone

385 1111 542 1157 ecce
579 1102 644 1156 et
679 1090 916 1157 cinere.

494 1196 704 1263 Lxx.
731 1194 888 1263 Non
909 1190 1258 1287 praeteriho
1287 1206 1354 1261 et
1378 1216 1587 1260 unum
1610 1190 1741 1260 foci
1774 1188 2149 1285 exemplum
2168 1241 2187 1274 ‚
2223 1193 2513 1261 romanis

388 1296 622 1367 litteris
642 1296 913 1366 clarum.
934 1295 1320 1389 Tarquinio¹
1344 1299 1569 1368 Prisco
1595 1310 1914 1393 regnante
1937 1294 2210 1365 tradunt
2240 1312 2513 1392 repente

390 1506 486 1577 qni
514 1506 650 1575 aqua
669 1516 748 1557 est
771 1502 1096 1573 percolatur,
1118 1498 1212 1554 sed
1235 1500 1410 1571 ipsum

389 1584 632 1639 lixivium
662 1581 948 1653 liquidum.
975 1582 1061 1633 Sic
1091 1579 1231 1633 enim
1267 1598 1412 1635 acce-

390 1665 474 1735 pit
491 1674 546 1717 et
569 1662 876 1717 Scribonius
900 1661 1130 1730 Largus,
1147 1676 1194 1713 c.
1218 1677 1409 1713 οακπτ

395 1770 422 1792 ι
441 1742 556 1795 Hoc
581 1743 774 1797 teritur
799 1757 868 1793 ex
887 1740 1067 1793 cinere
1091 1737 1288 1803 lixivia,
1312 1736 1412 1791 do·

390 1840 494 1875 nec
515 1823 645 1875 laeve
663 1822 856 1875 factum
880 1818 1072 1871 habeat
1093 1817 1266 1871 mellis
1282 1818 1415 1887 spis-

391 1898 701 1955 situdinem.
737 1925 760 1948 a
790 1900 1022 1951 Iterum:
1057 1922 1080 1944 ι
1107 1897 1223 1949 Hoc
1243 1908 1412 1949 terere

392 1992 606 2051 oportet
619 1998 680 2032 ex
703 1978 883 2031 cinere
903 1974 1084 2029 lixivia
1104 1994 1134 2027 e
1154 1975 1410 2044 caprifico

390 2060 478 2113 vel
497 2059 800 2123 sarmentis,
821 2055 994 2109 donec
1013 2054 1162 2107 lavia
1181 2054 1411 2106 habeant

391 2148 894 2209 temperamentum.
914 2158 936 2181 ι
959 2140 1006 2185 Δ
1023 2133 1200 2184 Plinio
1215 2146 1412 2197 tamen,

391 2230 454 2270 ut
489 2236 552 2270 ex
592 2214 932 2288 aequentibns
965 2211 1134 2283 liquet
1152 2249 1168 2276 ,
1198 2230 1299 2281 pro
1329 2211 1405 2263 ci-

392 2314 517 2349 nere
544 2296 660 2364 ipso
695 2293 973 2364 accipitur.
1004 2292 1184 2343 Halm.

477 2374 532 2441 3.
558 2374 626 2425 Ut
647 2374 757 2425 licet
771 2373 937 2423 ‘uidere
954 2371 1254 2439 gladiatores
1268 2388 1410 2441 quum

392 2452 668 2505 deleret-im.
681 2454 746 2506 In
757 2449 942 2504 eodem
949 2488 963 2513 ,
973 2468 1112 2521 quum
1122 2448 1412 2500 deluserunt:

397 2530 736 2588 scribendum
758 2532 914 2595 forte,
931 2548 1072 2601 qaum
1091 2529 1410 2595 deluaeaqum:

397 2626 460 2666 ut
485 2610 591 2664 dici
613 2612 773 2674 nolet,
790 2611 951 2679 fregit
975 2628 1113 2672 crus,
1137 2625 1239 2677 pro
1265 2623 1288 2648 ι
1307 2606 1412 2658 sra-

399 2704 543 2743 ctnm
572 2703 649 2743 est
669 2691 718 2743 ei
738 2708 890 2753 crus;
917 2713 940 2735 ι
961 2700 1014 2740 et
1032 2682 1286 2756 praecedit
1308 2696 1412 2735 sta-

399 2770 496 2822 tim
515 2782 651 2833 ante,
666 2770 993 2837 luxaticpotus
1011 2765 1234 2816 medetur.
1253 2764 1412 2815 Pur.

399 2879 482 2890 —
512 2848 580 2899 Ut
618 2848 730 2898 licet
758 2846 923 2897 videre
954 2843 1278 2912 gladiatores,
1314 2852 1412 2893 etc.

401 2922 709 2980 Prnludunt
759 2921 1069 2995 gladiatores
1124 2922 1179 2974 in
1223 2936 1379 2972 arena
1394 2957 1410 2981 ,

401 3023 566 3077 quum
595 3015 718 3056 ante
738 3021 916 3056 veram
945 3018 1178 3073 pugnam
1202 3000 1416 3071 clypeos

401 3096 457 3137 et
488 3102 696 3155 parmas
725 3082 779 3134 in
809 3083 974 3135 altum
1009 3080 1256 3145 mittunt,
1285 3096 1416 3149 quas

399 3176 620 3217 venuste
639 3162 922 3232 excipiant,
941 3160 1219 3229 hastasque
1238 3156 1418 3222 rudes,

405 3254 461 3297 et
497 3240 698 3314 gladios
735 3243 928 3311 jactant
944 3277 960 3304 ,
987 3237 1138 3311 guod
1187 3238 1420 3290 ventilare

403 3322 603 3377 dicitur
629 3342 643 3372 τ
673 3319 897 3373 eludunt
935 3338 1082 3379 vero,
1119 3318 1225 3370 aive
1263 3314 1419 3369 deln-

404 3400 569 3466 dunt‚
601 3418 768 3471 quum
801 3400 895 3452 illo
925 3396 1311 3451 exercitationis
1336 3415 1422 3465 ge-

404 3500 534 3535 nere
559 3478 743 3532 ludere
770 3478 1034 3533 desierint.
1060 3476 1147 3529 Sic
1176 3474 1420 3547 Aquilius

405 3561 552 3614 littus
571 3557 780 3613 definiit
795 3598 811 3623 ,
834 3576 936 3631 qua
955 3556 1147 3609 fluctus
1164 3554 1421 3625 eluderet,

405 3638 464 3691 id
481 3652 558 3693 est
570 3678 586 3703 ,
597 3637 782 3691 ludere
797 3648 1031 3691 cessaret.
1045 3636 1190 3706 Lips.
1211 3635 1417 3688 Saturn.

404 3716 498 3770 lib.
533 3718 620 3785 ΙΙ,
643 3736 692 3771 c.
717 3738 806 3787 19.
831 3718 970 3769 Du..
993 3744 1072 3755 -
1099 3714 1259 3785 Quum
1285 3713 1422 3765 dela-

409 3808 582 3848 serunt.
613 3796 872 3850 Delusisse
893 3792 1208 3866 gladiatores
1235 3792 1422 3847 dicun-

413 3888 520 3941 tur,
543 3893 724 3947 quum,
737 3877 868 3929 utin
887 3872 1222 3948 digladiando
1240 3872 1424 3938 fit‚ali-

1496 1502 1811 1565 Turnebus,
1829 1500 2051 1555 Advers.
2075 1501 2169 1555 lib.
2197 1502 2378 1569 xxn,
2400 1522 2449 1558 c.
2466 1504 2519 1571 5,

1496 1594 1617 1653 pag.
1644 1581 1889 1651 709.,Vel
1919 1581 2097 1652 potina
2123 1580 2384 1635 deludere
2410 1596 2516 1651 ent,

1498 1662 1569 1715 ita
1602 1660 1886 1713 infeliciter
1910 1659 2123 1723 ludere,
2150 1673 2212 1713 ut
2237 1661 2320 1713 vel
2349 1664 2519 1717 nimio

1498 1754 1659 1806 aestu,
1680 1738 1763 1792 vel
1788 1758 1943 1793 causa
1968 1740 2131 1792 simili
2157 1740 2407 1793 morbum
2426 1742 2523 1795 ali-

1497 1838 1657 1892 quem
1674 1858 1689 1885 ,
1710 1817 1951 1871 dolorem
1974 1818 2125 1872 verbi
2152 1822 2319 1889 gratia
2340 1820 2521 1875 lateris

1498 1899 1779 1951 contrahas
1825 1914 1841 1950 z
1894 1898 1981 1950 cui
2034 1898 2228 1951 morbo
2285 1901 2519 1954 cinerem

1495 1976 1779 2031 commode
1800 1975 2046 2031 adhiberi
2069 1975 2517 2051 dooetinscriptio
2624 2016 2633 2025 ·

1493 2070 1675 2122 vetus,
1705 2055 1849 2127 apud
1884 2055 2213 2121 Gruterum,
2254 2072 2371 2129 pag.
2418 2074 2515 2129 71,

1494 2134 1587 2189 sed
1650 2134 1773 2188 fleta
1844 2153 1905 2187 ac
1965 2151 2149 2203 recens
2204 2154 2220 2188 τ
2262 2142 2515 2190 ΔΟΥΚΙΩ

1492 2220 1943 2268 ΠΔΕΥΡΕῙΤΙΚΩ
2001 2220 2126 2265 KAI
2182 2220 2517 2269 ΔΠΗΔΠῙΣ-

1495 2300 1693 2346 ΜΕΝΩ
1714 2298 1846 2347 ΪΠΟ
1866 2297 2138 2346 ΠΑΝΤΟΣ
2153 2300 2518 2349 ΑΝΘΡΩΠΟΥ

1495 2377 1981 2425 ΕΧΡΗΜΑΤῙΣΕΝ
2012 2379 2057 2424 Ο
2079 2379 2249 2430 ΘΕΟΣ
2270 2380 2515 2430 ΕΔΘΕΙΝ

1496 2456 1619 2502 ΚΑΙ
1663 2456 1751 2502 EK
1801 2457 1927 2503 ΤΟΥ
1972 2457 2315 2505 ΤΡῙΒΩΜΟΥ
2360 2456 2517 2507 APAI

1497 2532 1754 2581 TEQPAN
1782 2531 1904 2582 ΚΑΙ
1932 2536 2092 2584 ΜΕΤ’
2117 2536 2324 2584 ΟῙΝΟΥ
2349 2539 2515 2586 ANA-

1496 2609 1773 2661 ΦΥΡΑΣΔῙ
1818 2612 1937 2659 ΚΑΙ
1984 2612 2346 2663 ΕΠῙΘΕῙΝΑΙ
2400 2619 2517 2667 Em

1498 2692 1587 2739 ΤΟ
1630 2690 1934 2739 ΠΔΕΥΡΟΝ
1972 2692 2098 2738 KAI
2134 2694 2361 2745 nmen
2394 2698 2517 2746 ΚΑΙ

1500 2771 1812 2818 ΔΗΜΟΣῙΑ
1871 2770 2374 2823 ΗΥΧΑΡῙΣΤΗΣΕΝ
2423 2775 2517 2824 ΤΩ

1499 2848 1637 2900 ΘΕΩ
1690 2850 1815 2897 KAI
1859 2848 1904 2895 Ο
1948 2849 2179 2896 ΔΗΜΟΣ
2240 2851 2521 2905 ΣΥΝΕΧΑ.

1499 2930 1587 2977 ΡΗ
1628 2929 1821 2976 Arm.
1863 2945 1885 2966 ι
1910 2922 2081 2975 Lucio
2118 2922 2292 2978 lateris
2330 2924 2519 2983 dolore

1498 3004 1721 3068 affecto,
1758 3014 1811 3055 et
1847 2998 2123 3071 desnerato
2167 3003 2234 3055 ab
2270 3006 2517 3062 omnihus

1500 3082 1808 3135 hominibus
1820 3081 2097 3135 oraculum
2114 3082 2515 3141 Deusreddidit.

1502 3161 1732 3214 Veniret
1746 3200 1763 3226 ,
1780 3172 1833 3213 et
1851 3180 1913 3213 ex
1935 3180 2024 3214 ara
2045 3161 2251 3216 tolleret
2266 3166 2516 3233 cinerem,
2587 3212 2601 3229 ,

1503 3253 1557 3295 et
1588 3258 1709 3293 cum
1742 3239 1864 3292 vino
1892 3240 2132 3294 misceret
2148 3282 2165 3305 ,
2195 3242 2519 3315 imponeret.

1504 3338 1608 3393 que
1628 3319 1802 3371 lateri.
1820 3320 1890 3372 Et
1910 3322 2178 3373 convaluit
2197 3363 2212 3387 ‚
2234 3338 2285 3377 et
2306 3325 2519 3395 publice

1505 3398 1697 3472 gratias
1718 3400 1849 3471 egit,
1885 3412 1937 3452 et
1962 3402 2250 3469 gratulatus
2281 3404 2329 3455 ei
2349 3420 2520 3473 popu·

1505 3481 1588 3532 lus
1618 3491 1711 3531 est.
1749 3504 1771 3526 ι
1810 3478 1991 3533 Groeca
2037 3479 2181 3551 apud
2230 3482 2521 3533 Gruterum

1506 3556 1713 3611 mendis
1736 3571 1954 3612 scatent.
1984 3560 2167 3613 Haan.

1592 3644 1647 3700 4.
1670 3638 2003 3690 Indicavimus.
2022 3638 2141 3689 Lib.
2167 3638 2373 3701 XXVI,
2396 3656 2447 3691 ο.
2464 3636 2521 3699 4.

1508 3716 1691 3769 Hann.

1593 3795 1641 3849 5.
1679 3798 1761 3849 Ac
1784 3800 1891 3865 jam
1926 3793 2088 3847 nullis.
2118 3794 2251 3864 Igne
2280 3812 2525 3850 consum-

1511 3874 1634 3945 ptis.
1661 3876 1749 3928 Sic
1773 3874 1868 3927 lib.
1896 3874 1952 3925 11
1969 3910 1985 3936 ‚
2009 3890 2122 3943 cap.
2152 3872 2223 3925 63
2244 3913 2260 3940 ,
2286 3890 2525 3931 mortuos

414 3954 565 4026 quod
587 3958 884 4010 membrum
911 3956 1158 4008 laxarunt
1177 3966 1268 4007 aut
1285 3952 1428 4005 lese-
1504 3958 1611 4025 jam
1636 3955 1791 4006 nullos
1816 3964 1983 4006 vocat.
2012 3951 2194 4007 Han).

415 4046 573 4103 runt,
607 4047 668 4088 ut
699 4036 806 4105 jam
843 4035 1029 4091 ludere
1065 4052 1176 4089 non
1205 4032 1424 4104 possint.

1592 4032 1761 4086 LXX.
1800 4050 1849 4086 r.
1884 4032 2167 4103 Tarquinio.
2205 4032 2399 4088 Narrat
2426 4036 2528 4090 hoc

2165 4128 2285 4200 36²
