2975 4684
1075 443 1382 536 LIBER
1431 464 1808 535 xxx111.
2420 466 2501 536 81

371 613 506 668 tur.
559 597 900 693 Quidquid
945 622 1082 667 non
1135 611 1537 684 transmeat,
1579 594 1963 694 repetitur¹¹
2005 597 2073 666 in
2132 595 2265 692 pila
2286 651 2306 686 ‚
2358 596 2513 668 dein

368 703 660 774 molitur.
702 703 926 774 Pulvis
966 728 1230 798 semper
1274 704 1343 772 in
1397 704 1653 772 catinos
1706 703 2067 798 digeritur„
2090 719 2157 774 et
2199 729 2282 774 ex
2322 719 2513 775 aceto

368 826 770 894 maceratur,
815 825 890 880 ut
933 810 1150 880 omnis
1192 809 1436 878 duritia
1482 809 1779 879 solvatur
1826 835 1843 877 τ
1900 833 1981 879 ac
2020 835 2247 880 rursus
2294 812 2513 884 tundi·

368 931 504 1005 tur,
540 917 692 987 dein
727 916 988 986 lavatur
1019 918 1086 984 in
1127 913 1491 1002 conchis¹',
1524 918 1963 1010 siccaturque.
2000 919 2189 987 Tunc
2231 919 2510 1012 tingitur

369 1021 658 1094 alumine
691 1025 970 1111 schist0,
1007 1037 1076 1092 et
1101 1017 1309 1092 herba
1337 1047 1540 1117 supra
1568 1021 1784 1109 dicta,
1826 1023 2285 1117 pingiturque‚
2321 1040 2506 1095 ante-

367 1153 566 1224 quam
597 1133 847 1225 pingat.
890 1129 1123 1199 Refert
1151 1153 1348 1224 quam
1373 1127 1599 1198 bibula
1629 1126 1991 1223 docilisque
2030 1130 2131 1198 sit.
2171 1130 2345 1198 Nam
2378 1132 2507 1201 nisi

367 1239 589 1331 rapuit
610 1235 901 1307 colorem
917 1291 937 1324 ‚
953 1235 1292 1305 adduntur
1311 1249 1655 1329 scytanum
1684 1249 1884 1328 atque
1905 1234 2287 1328 turbystum
2301 1223 2381 1305 ¹³:
2413 1238 2506 1307 ita

373 1357 618 1412 vocant
649 1342 1206 1412 medicamentum
1246 1327 1577 1411 sorbere¹⁴
1614 1343 1937 1436 cogentia.

471 1451 765 1518 XXVII.
798 1450 1028 1537 Quum
1053 1449 1311 1516 tinxere
1349 1446 1669 1540 pictores,
1697 1445 1991 1515 orobitin
2014 1446 2316 1532 vocant¹‚
2340 1448 2505 1541 ejus-
2548 1473 2571 1507 1

365 1579 498 1649 que
550 1553 687 1623 duo
731 1578 977 1649 genera
1019 1552 1274 1622 faciunt
1315 1577 1332 1620 ε
1379 1550 1664 1636 luteam,
1718 1575 1867 1646 quae
1908 1566 2213 1620 servatur
2250 1551 2363 1621 in²
2421 1553 2509 1622 lo-

365 1674 670 1730 mentum
730 1687 748 1728 :
813 1673 881 1727 et
927 1656 1279 1753 liquidam,
1336 1655 1619 1752 globulis
1684 1656 1927 1726 sudore
1974 1656 2297 1728 resolutis.
2346 1662 2509 1729 Haec

362 1779 651 1860 utraque
692 1788 932 1860 genera
970 1766 1040 1834 in
1078 1765 1304 1859 Cypro
1345 1763 1535 1833 fiunt.
1582 1749 2113 1834 Laudatissima³
2158 1765 2228 1833 in
2264 1767 2505 1834 Arme-

363 1871 517 2010 nia}
553 1871 844 1942 secunda
875 1872 942 1939 in
973 1869 1400 1954 Macedonia,
1446 1869 1811 1964 largissima
1844 1871 1912 1938 in
1949 1871 2285 1964 Hispania.
2321 1874 2509 1940 Sum-

365 2001 480 2048 ma

452 2147 474 2182 1
488 2147 538 2183 1.
601 2129 868 2200 Περσείων.
922 2129 1124 2182 Iterum
1172 2127 1230 2180 in
1278 2127 1390 2199 pila

367 2207 624 2264 tunditur.
651 2208 836 2264 Hann.

451 2307 538 2341 η.
567 2289 632 2342 In
655 2289 864 2341 conchis.
893 2286 1112 2341 Concha
1141 2287 1278 2340 vasis
1300 2305 1386 2358 ge·

367 2367 470 2422 nna
491 2381 570 2422 eat
587 2385 880 2422 concavum
896 2405 911 2428 ,
951 2385 1012 2420 ae
1033 2366 1280 2438 superius
1299 2386 1388 2438 pa-

367 2447 540 2501 tulum
587 2467 617 2502 a
659 2447 986 2501 concharum
1036 2445 1390 2500 similitudine

364 2527 716 2581 nominatum.
736 2527 870 2582 Cato
890 2525 960 2580 de
985 2526 1064 2578 Re
1089 2525 1240 2580 Rust.
1277 2525 1344 2579 13
1369 2543 1385 2578 ε

371 2631 396 2654 ι
432 2607 496 2660 In
542 2607 727 2660 cellam
785 2604 1038 2660 oleariam
1085 2604 1202 2658 bec
1249 2622 1388 2676 opus

363 2698 491 2739 aunt
516 2703 530 2738 τ
565 2685 707 2740 dolia
727 2685 985 2739 olearia...
1015 2685 1249 2739 conchas
1273 2703 1386 2738 ma·

281 2775 300 2801 ³
363 2767 506 2834 jon-es
531 2763 690 2832 duaa,
711 2777 765 2818 et
785 2765 1018 2818 minores
1036 2762 1220 2818 duaa..
1239 2765 1388 2820 Infra

365 2843 606 2909 Plinius,
634 2851 730 2908 41,
735 2846 950 2910 fernam
969 2844 1192 2896 concham
1217 2856 1386 2898 vocat.

363 2924 554 2976 Ham).
579 2953 659 2963 —
686 2923 916 2991 Pingitur
941 2922 1147 2974 alumine
1181 2924 1388 2989 schisto,

361 3015 418 3055 et
471 3002 618 3055 herba
667 3021 814 3072 supra
851 3002 1002 3054 dicta.
1036 3003 1117 3054 De
1154 3002 1388 3057 alumine

363 3082 562 3138 schisto
617 3077 887 3144 (Alumino
931 3081 1136 3149 stafforde
1151 3121 1168 3146 ‚
1210 3083 1390 3150 sulfaea

361 3150 668 3230 d'almnae‘ne)
715 3163 882 3218 fusius
928 3173 1122 3234 agetur
1155 3161 1389 3228 XXXV,

365 3242 435 3298 52
461 3265 476 3308 ;
502 3240 572 3297 de
597 3241 850 3296 tinctor-ia
879 3242 1042 3295 herba
1057 3279 1076 3308 ‚
1103 3242 1294 3296 Beseda
1317 3243 1390 3296 lu·

363 3323 490 3376 uota
503 3361 520 3388 ‚
549 3321 710 3394 paulo
725 3340 888 3393 snpra
906 3320 1131 3376 dictum.
1156 3321 1264 3376 En.

445 3404 532 3458 13.
553 3399 817 3470 Sertanum
834 3415 980 3474 aeque
1003 3401 1288 3474 turbsstum.
1317 3401 1385 3455 In

360 3495 465 3537 vet.
490 3480 610 3536 cod.
625 3483 905 3556 sehycannm
919 3501 941 3546 ‚-
968 3500 1086 3553 quo
1106 3482 1306 3536 suerint
1324 3497 1386 3534 ea

359 3561 742 3617 medicamenta
761 3580 873 3616 non
893 3561 1018 3614 satis
1036 3573 1260 3614 constat.
1279 3561 1384 3614 En.

445 3649 534 3706 14.
564 3641 782 3696 Sorbm.
810 3641 1058 3694 Colorem
1079 3641 1284 3694 bibere.
1311 3639 1382 3692 Η.

437 3721 670 3776 xxvll.
697 3739 746 3774 1.
771 3719 998 3773 orobitin
1013 3731 1210 3772 vocant.
1224 3717 1386 3785 Quod

359 3801 416 3854 in
441 3820 605 3894 grana
627 3801 917 3854 formarent
931 3797 1098 3870 ὄροΈου
1114 3837 1131 3864 ,
1161 3799 1387 3865 Ιιοονεεῐ,

361 3898 476 3934 ervi
507 3878 872 3936 similitudine.
909 3875 1033 3934 Hac
1056 3897 1219 3952 grana
1243 3879 1381 3933 Plin.

359 3959 602 4032 globulos
624 3960 798 4014 atatim
819 3973 986 4014 vocat.
1011 3959 1191 4014 Hm.

447 4057 500 4092 a.
515 4041 578 4092 ln
601 4039 871 4095 lomentum.
898 4041 964 4094 In
991 4040 1267 4114 pulverem
1287 4057 1379 4095 aen

365 4117 608 4173 farinam.
642 4119 822 4174 Han.

517 4217 635 4286 IX.
719 4291 730 4304 ,

537 1975 1153 2060 commendationiS‚
1171 1975 1464 2047 colorem
1483 1977 1553 2046 in
1580 1975 1789 2046 herba
1804 1977 2039 2070 segetis
2059 1975 2205 2047 laete
2232 1978 2506 2048 virentis

1562 2128 1616 2182 3.
1646 2126 2017 2180 Laudaeissima.
2052 2125 2141 2182 Sic
2170 2127 2412 2184 Dioscor.
2432 2130 2505 2196 V,

1483 2213 1593 2272 ¹⁰4
1616 2245 1633 2272 ,
1676 2219 1731 2260 et
1766 2206 1957 2262 Isidor.
1993 2207 2180 2279 Origg.
2213 2209 2379 2276 XIX,
2412 2229 2505 2281 17.

1475 2287 1634 2340 Nunc
1658 2287 1713 2339 in
1736 2285 2009 2358 Hungaria
2025 2327 2043 2350 ,
2070 2287 2351 2354 Bobemh,
2378 2289 2506 2342 Sile-

1473 2367 1549 2419 εἰει
1564 2403 1582 2430 ,
1601 2365 1794 2420 Miania
1810 2405 1825 2431 ,
1849 2366 2087 2438 alibique
2110 2365 2390 2421 effoditur.
2408 2370 2505 2421 vi-

1476 2443 1547 2500 de
1566 2446 1813 2500 Muscam
1838 2448 2068 2503 Worm.
2088 2447 2145 2512 Ι,
2174 2452 2202 2500 3
2221 2485 2238 2513 ,
2262 2466 2379 2518 cap.
2415 2466 2503 2504 ro.

1475 2525 1660 2578 Han.

1564 2611 1620 2668 4.
1640 2601 1837 2656 Summa
1862 2605 2281 2660 commendationis
2309 2618 2413 2673 est,
2448 2619 2506 2662 ut

1473 2683 1677 2737 colorem
1724 2683 1915 2750 herba,
1975 2697 2076 2738 etc.
2124 2677 2238 2754 (sic
2289 2687 2439 2758 prius
2457 2678 2501 2756 ).

1474 2765 1635 2818 Caret
1656 2765 1890 2835 optimus
1908 2766 2009 2827 τοῖς
2030 2775 2103 2816 est
2119 2777 2199 2831 ut,
2216 2764 2345 2820 dein
2372 2785 2503 2838 prai-

1473 2845 1576 2897 fert
1596 2843 1754 2896 colore
1774 2847 1825 2895 in
1844 2843 2008 2898 herba.
2033 2843 2203 2898 scrib.
2228 2871 2251 2894 ι
2265 2846 2503 2900 colorem

1473 2923 1529 2976 in
1558 2924 1739 2977 herba.
1768 2948 1792 2971 ι
1813 2923 2007 2977 Noster
2024 2924 2119 2976 lib.
2144 2925 2357 2990 XVIII,
2381 2943 2500 2996 cap.

1479 3004 1509 3058 5
1556 3021 1571 3056 ε
1613 3029 1636 3052 ι
1664 3003 1707 3055 F
1708 3015 1955 3056 ramenta
2003 3003 2177 3057 bieme
2223 3003 2281 3056 in
2334 3004 2502 3061 herba

1474 3095 1623 3146 sunt,
1647 3100 1813 3136 verno
1836 3095 2076 3154 tempore
2104 3082 2419 3154 fastigantur
2438 3086 2497 3140 in

1472 3162 1743 3234 stipulam.
1768 3188 1791 3210 ι
1819 3161 2046 3216 Ovidius
2072 3163 2295 3218 Metam.
2316 3164 2407 3219 lib.
2425 3166 2499 3232 V,

1479 3267 1503 3290 ι
1539 3240 1727 3314 primis
1749 3254 1947 3313 segetes
1974 3242 2279 3296 moriuntur
2297 3244 2355 3296 in
2380 3245 2499 3299 her-

1470 3322 1615 3388 bisp
1646 3321 1879 3374 libNm
1905 3343 1917 3375 :
1953 3348 1975 3370 ι
2001 3335 2201 3393 segetes
2222 3324 2497 3395 proculcat

1471 3400 1529 3456 in
1550 3401 1735 3455 herba.
1761 3426 1785 3449 ι
1820 3401 1888 3455 Et
1918 3403 1973 3454 in
2000 3403 2219 3474 epistola
2246 3403 2453 3458 Paridis
2477 3426 2490 3456 :

1478 3507 1501 3529 ι
1528 3495 1581 3535 et
1625 3479 1799 3534 adhuc
1844 3494 1935 3536 tua
1977 3483 2160 3536 messia
2214 3482 2272 3536 in
2322 3483 2492 3537 herba
2598 3521 2609 3530 »

1471 3573 1568 3616 est-
1596 3587 1620 3610 »
1663 3561 1850 3616 Gnmv.
1888 3595 1968 3605 —
2004 3561 2219 3617 Summa.
2263 3562 2497 3616 Maxime

1471 3640 1873 3696 commendatur
1892 3660 1975 3706 ea,
1997 3661 2147 3714 quie,
2174 3654 2279 3695 etc.
2312 3641 2493 3694 Dione.

1470 3719 1577 3776 loc.
1606 3722 1746 3775 citat.
1774 3715 1981 3792 τῇ’χρο’ᾳ
2001 3721 2287 3791 κατακόρως
2317 3719 2497 3790 πρασί-

1471 3803 1666 3866 (ouem,
1686 3824 1707 3848 ι
1730 3819 1849 3872 qua:
1869 3802 2020 3874 porri
2042 3801 2158 3854 laete
2175 3799 2394 3853 virentis
2410 3817 2495 3853 oo-

1470 3879 1639 3934 lorem
1690 3897 1851 3952 quam
1900 3879 2166 3933 simillime
2212 3875 2435 3946 reddat,
2462 3903 2486 3926 ι

1470 3962 1665 4031 probat
1682 3961 1740 4016 in
1766 3959 1973 4030 primis.
2002 3959 2091 4011 sic
2117 3956 2278 4010 etiam
2298 3956 2492 4015 Isidor.

1470 4039 1574 4094 loc.
1595 4039 1736 4094 citat.
1768 4039 1894 4092 Fuit
1912 4037 2043 4090 olim
2070 4036 2127 4090 in
2148 4037 2324 4109 pretio
2347 4038 2497 4111 apud

1471 4119 1699 4190 pictores
1716 4117 1831 4172 hauc
1856 4115 2187 4190 chrysocolla
2212 4137 2497 4192 pomooe3

2204 4214 2253 4288 6
