2975 4684
1012 392 1089 459 C.
1143 393 1479 465 PLINII
1527 395 1738 465 NAT.
1791 391 2052 460 HIST.

473 523 767 592 cucumis
810 522 1040 592 semini
1080 547 1219 617 par.
1260 527 1417 594 Post
1460 525 1582 594 hos
1621 524 1902 618 Cyprius
1937 536 2216 592 vocatur
2251 506 2318 594 in
2338 525 2592 618 Cypro

473 640 805 720 repertus,
842 651 1118 722 vergens
1156 631 1223 698 in
1266 633 1516 701 aerium
1557 628 1846 700 colorem
1864 627 1934 714 ¹⁹,
1961 628 2076 700 sod
2109 631 2176 698 in
2219 629 2544 700 medicina
2568 683 2591 715 ‚

472 746 546 800 ut
568 731 859 802 dicemus
875 734 948 820 ²⁰,
977 734 1487 806 efficacissimus.
1503 739 1661 808 Post
1685 737 1866 805 hunc
1887 736 2047 806 est¹²
2075 733 2368 805 siderites
2391 735 2590 806 ferrei

469 837 832 930 splendoris
851 893 870 922 ‚
908 840 1203 933 pondere
1250 856 1403 912 ante
1442 857 1747 925 caeteros,
1799 840 1914 910 sed
1957 855 2195 912 natura
2237 841 2586 910 dissimilis.

467 945 641 1013 Nam
690 960 759 1014 et
813 946 1049 1024 ictibus
1108 947 1518 1042 frangitur²²‚
1565 963 1633 1018 et
1691 947 1819 1017 alio
1867 945 2214 1018 adamante
2263 946 2589 1040 perforari

468 1065 723 1143 potest:
751 1051 931 1144 quod
962 1065 1027 1120 et
1056 1055 1301 1150 Cyprio
1323 1057 1584 1124 evenit=
1615 1055 2033 1146 breviterque
2052 1106 2071 1138 ,
2103 1067 2181 1122 ut
2207 1049 2591 1146 degenereS,

466 1158 750 1244 nominis
804 1172 1061 1228 tantum
1114 1162 1573 1230 auctoritatem
1613 1159 1876 1230 habent.
1915 1158 2154 1253 quue,
2209 1157 2391 1253 quod
2434 1161 2590 1228 totis

368 1256 375 1270 '
468 1261 913 1331 voluminibus
972 1264 1075 1334 his
1127 1265 1364 1336 docere
1424 1282 1493 1335 et
1556 1267 1871 1335 mandare
1929 1266 2146 1334 conati
2204 1289 2461 1350 summ,
2505 1264 2589 1333 de

467 1367 795 1438 discordia
850 1393 1071 1438 rerum
1130 1373 1616 1466 concordiaque
1639 1425 1658 1459 ‚
1730 1395 1926 1465 quam
1990 1369 2434 1464 «antipathiam
2505 1393 2588 1438 ac

467 1475 901 1568 sympathiam
934 1475 1347 1570 appellavere
1374 1479 1592 1547 Graeci
1614 1529 1632 1559 ‚
1664 1502 1800 1547 non
1825 1475 2012 1545 aliter
2053 1475 2291 1544 clarius
2317 1472 2592 1569 intelligi

365 1671 371 1678 ο
466 1593 701 1674 potest.
735 1581 1069 1675 Siquidem
1103 1582 1212 1650 illa
1235 1586 1475 1652 invicta
1497 1573 1645 1652 vis²³
1663 1583 1943 1652 duarum
1970 1581 2590 1650 violentissimarum

466 1704 717 1757 naturae
752 1713 973 1757 rerum
996 1739 1015 1772 ,
1056 1690 1215 1759 ferri
1253 1693 1583 1785 ignisque,
1617 1689 2092 1784 contemptrix,
2129 1688 2384 1756 hircino
2415 1711 2592 1756 rum-

470 385 613 478 602

465 1885 617 1940 ducit
638 1887 857 1940 ferraria
886 1905 1018 1941 vena
1050 1888 1330 1958 Philippis.
1360 1913 1382 1936 ι
1411 1891 1483 1940 At
1571 1886 1750 1956 colligi
1793 1882 2072 1937 somniavit
2097 1903 2108 1934 :
2151 1909 2174 1930 ι
2197 1883 2466 1947 Quartus,
2507 1845 2598 1934 in-

464 1967 626 2028 falso,
665 1983 833 2036 quum
869 1967 953 2020 his
982 1968 1265 2036 generibus
1286 1968 1480 2021 natales
1572 1967 1716 2034 quit,
1749 1962 1804 2015 in
1851 1963 2074 2016 metallis
2113 1961 2346 2016 ferrariis
2381 1963 2596 2033 legitur,

462 2045 520 2096 in
560 2062 691 2095 auro
722 2063 830 2097 esse
862 2045 1065 2098 Plinius
1086 2047 1481 2115 praemonuerit.

467 2120 570 2174 Sed
600 2121 845 2174 Solinutn
882 2125 971 2176 ille
1000 2125 1325 2193 transcripsit
1344 2162 1360 2188 ‚
1386 2124 1481 2196 qui

466 2213 713 2268 quartum
740 2201 981 2256 similiter
1002 2221 1165 2273 genus
1190 2201 1481 2256 adamantis

465 2281 693 2334 metallis
739 2279 969 2336 ferrariis
1023 2281 1287 2353 adjudicat
1304 2320 1319 2346 ,
1370 2301 1480 2335 non

465 2370 643 2414 tamen
680 2358 1151 2432 Philippensibus:
1191 2381 1357 2434 quum
1388 2381 1484 2415 ne-

464 2455 569 2510 que
608 2441 664 2493 in
686 2439 839 2504 ullis,
870 2453 927 2493 ut
954 2459 1079 2496 mox
1111 2441 1371 2506 dicemus,
1399 2463 1483 2497 re-

462 2520 629 2590 periri
649 2521 827 2591 possit.
850 2523 1031 2575 Hum.

552 2617 641 2668 19.
686 2601 747 2652 In
786 2602 965 2654 aerium
1003 2603 1223 2655 colorem.
1250 2603 1357 2654 vel
1383 2622 1483 2656 co·

465 2678 675 2736 ruleum
696 2719 711 2743 ‚
750 2681 837 2742 vel
876 2681 931 2734 in
964 2681 1286 2736 translucido
1324 2683 1487 2753 liqui-

464 2754 615 2810 dum.
651 2760 735 2813 Ita
758 2761 899 2814 clare
925 2761 1163 2815 Colbert.
1192 2763 1246 2815 3.
1274 2763 1338 2814 In
1370 2763 1485 2814 aliis

468 2857 659 2902 oeremn,
688 2858 868 2894 errore
897 2842 1116 2894 minime
1144 2839 1329 2894 dubio.
1356 2842 1485 2911 Epi-

466 2917 727 2987 phanius,
748 2920 817 2972 de
838 2923 1059 2992 gemmis
1075 2960 1091 2982 ‚
1118 2939 1236 2991 pag.
1260 2922 1369 2974 230
1396 2939 1409 2972 :
1439 2911 1485 2972 ὁ

464 2999 590 3059 λίθος
620 3003 645 3053 ὁ
682 2995 888 3071 &stipae
912 3001 1114 3071 ἐμφερής
1140 3003 1213 3059 dett
1238 2999 1372 3082 κξτὰ
1396 3001 1481 3057 τὴν

467 3081 961 3228 ἒξῗζέιῖςῳὰοὲορὶζαῗῖ
977 3099 1065 3216 alin-v
1084 3079 1247 3228 {gaiani
1268 3074 1483 3228 {23:³3

467 3233 584 3288 Hoc
607 3238 726 3288 loco
748 3239 1011 3308 corruptis
1028 3237 1189 3290 Plinii
1210 3237 1487 3290 codicibus

470 3333 624 3368 usum
679 3315 923 3368 Solinum
962 3317 1225 3388 intelliges
1242 3355 1256 3382 ‚
1297 3318 1391 3388 qui
1432 3329 1487 3369 et

472 3395 826 3464 oereum'legit.
854 3409 906 3448 et
926 3414 1121 3449 areum
1152 3395 1487 3450 adamantem

472 3487 801 3530 commentus
838 3486 943 3540 est,
995 3488 1047 3529 et
1098 3475 1337 3544 Cyprum
1388 3495 1486 3546 pro

472 3573 669 3625 cupre,
710 3554 817 3606 sive
854 3574 953 3625 pro
979 3573 1081 3606 mre
1114 3554 1489 3624 interpretatus

472 3634 838 3700 een-Tertius,
858 3633 1182 3704 inquit,cap.
1202 3651 1303 3694 mr,
1322 3651 1377 3702 p.
1394 3637 1488 3698 82,

472 3715 527 3768 in
554 3715 699 3768 venis
725 3715 879 3785 cupri
914 3725 1133 3784 apparet
1171 3712 1391 3783 propior
1420 3711 1488 3766 ad

474 3811 659 3848 aream
686 3795 892 3848 faciem.
918 3820 939 3842 ι-
965 3793 1307 3864 Similemque
1328 3791 1487 3844 alium

472 3874 703 3926 subtexit
726 3892 985 3937 errorem,
1004 3891 1169 3946 quum
1190 3889 1309 3926 eum
1328 3889 1487 3942 quem

474 3949 677 4006 Plinius
704 3951 953 4008 sideriten
984 3953 1147 4016 dixit,
1168 3951 1313 4024 quod
1334 3952 1487 4004 ferrei

475 4031 543 4083 sit
562 4032 775 4096 coloris,
793 4031 904 4102 ipse
926 4034 979 4112 in
1001 4033 1232 4088 ferm-iis
1270 4031 1502 4085 officinis

1571 2041 1810 2112 pondere
1835 2054 2052 2096 caeteros
2073 2040 2388 2096 antecedens
2403 2079 2420 2106 ‚
2447 2055 2584 2094 etc.-

1569 2121 1753 2174 Hono.

1651 2219 1737 2254 πο.
1759 2199 1826 2251 Ue
1847 2199 2071 2254 dicemus.
2089 2197 2201 2253 Sub
2219 2199 2380 2254 finem
2399 2215 2596 2270 nempe

1570 2282 1728 2354 hujus
1753 2279 1956 2351 capitis.
1987 2281 2166 2335 Ηιιιο.

1657 2379 1686 2414 s
1699 2380 1750 2414 t.
1769 2361 1890 2412 Post
1914 2360 2038 2412 launo
2059 2371 2149 2412 est.
2173 2355 2461 2429 Euhipimc,
2479 2375 2593 2413 non

1573 2440 1720 2514 quod
1741 2440 1798 2492 in
1817 2439 2044 2492 ferrariis
2065 2439 2290 2492 metallis
2301 2437 2594 2502 invenitur,

1575 2535 1633 2575 ut
1667 2520 1880 2574 Solinus
1913 2518 2214 2579 sdmniavit‚
2231 2535 2278 2568 e.
2301 2533 2404 2578 ιιι,
2420 2535 2475 2585 p.
2495 2518 2596 2582 82,

1575 2600 1664 2654 scd
1703 2597 1850 2670 quod
1879 2608 1956 2649 est
1980 2597 2072 2648 ille
2097 2595 2250 2646 ferrei
2273 2593 2486 2647 coloris.
2519 2595 2596 2648 Η.

1575 2709 1651 2723 -—
1683 2677 1911 2730 Sidet-ires
1947 2675 2097 2740 ferrei
2131 2673 2412 2742 splendoris.
2446 2671 2596 2727 Ada-

1575 2775 1686 2811 mas
1715 2757 1802 2809 ille
1819 2793 1835 2817 ,
1865 2756 1910 2808 Ie
1927 2754 2145 2807 diamant
2157 2752 2371 2806 blenda-e
2393 2771 2456 2804 ou
2483 2771 2600 2805 eon·

1575 2838 1680 2890 Iem-
1701 2838 1908 2890 d'aeier.
1951 2833 2035 2887 Cl.
2074 2835 2266 2886 Bor'm
2301 2831 2430 2886 tales
2465 2830 2593 2884 ada-

1573 2929 1776 2971 mantes
1799 2915 1960 2976 vidit‚
1983 2915 2078 2984 qui
2103 2933 2135 2968 a
2159 2923 2402 2984 magnete
2435 2923 2600 2964 attre-

1573 2997 1841 3050 herentur.
1925 2994 2158 3064 Cyprius
2227 3009 2474 3064 quoque,
2529 3003 2598 3044 ut

1575 3074 1720 3130 credi
1745 3087 1948 3146 potest,
1977 3073 2084 3126 fuit
2109 3071 2368 3126 siderites.
2397 3071 2564 3122 Bnor.

1659 3174 1748 3208 ιη.
1775 3157 1906 3209 Nam
1926 3166 1974 3204 et
1994 3154 2164 3204 icec'hus
2175 3154 2446 3220 frangitur.
2471 3141 2597 3201 Tot-

1573 3233 1716 3288 idem
1741 3234 1918 3287 verbis
1947 3233 2061 3285 hnc
2089 3231 2331 3294 Solinus,
2372 3230 2489 3281 loco
2517 3227 2598 3281 ci·

1575 3325 1702 3367 tato.
1745 3315 1926 3366 Ham).
1959 3341 2040 3382 ···*.
2073 3313 2149 3363 Et
2179 3311 2278 3362 alio
2313 3309 2588 3360 adamanta.

1576 3392 1824 3458 Adamas,
1869 3391 2110 3444 omnium
2155 3405 2446 3458 corporum
2473 3403 2594 3457 qua

1573 3474 1821 3526 novimus
1833 3511 1850 3536 ‚
1871 3470 2235 3534 durissimum,
2250 3487 2354 3520 non
2369 3467 2470 3520 nisi
2487 3467 2594 3518 alio

1576 3551 1872 3616 adamante,
1884 3551 1938 3604 in
1957 3550 2168 3604 scobem
2191 3547 2420 3610 redacto,
2441 3544 2594 3608 cadi,

1578 3631 1840 3702 perforari
1863 3641 1960 3684 aut
1983 3629 2142 3699 poliri
2171 3637 2360 3699 potest.
2389 3625 2496 3676 En.

1662 3711 1750 3765 23.
1782 3709 2021 3780 SEquidem
2045 3709 2130 3760 illa
2161 3709 2336 3759 invicta
2362 3707 2442 3756 vis
2467 3704 2594 3755 dua·

1578 3811 1680 3843 rum
1711 3791 2156 3842 violentissimarum
2183 3797 2372 3838 natura
2411 3802 2593 3846 nrm,

1578 3883 1676 3923 etc.
1711 3871 1832 3922 Hoec
1857 3868 2070 3920 Solinus
2099 3864 2162 3918 ad
2199 3864 2450 3928 verbum,
2487 3864 2592 3916 loc.

1579 3950 1666 4002 cit.
1705 3963 1756 4002 et
1792 3947 2055 4010 Isidorus,
2101 3945 2248 4015 Orig.
2287 3943 2386 3998 lib.
2429 3941 2592 4002 XVI,

1573 4047 1688 4099 cap.
1720 4027 1807 4081 13.
1839 4027 2022 4080 niun.
