2975 4684
1076 352 1392 420 LIBER
1444 354 1574 419 XX
1598 349 1738 418 XW
1753 348 1805 415 Ι
2361 344 2497 418 505

500 485 711 551 Parva
748 496 901 551 sunt
951 498 1225 569 cuncta,
1260 508 1406 577 quae
1441 481 1751 568 diximus,
1791 495 1856 551 et
1898 482 2120 550 omnia
2167 480 2281 548 uni
2328 504 2503 548 com
2539 506 2574 557 7

400 587 689 681 paranda
712 587 1029 656 miraculo
1046 603 1447 683 ‚antequam
1470 611 1644 656 nova
1673 586 2010 680 attingam.
2041 584 2136 653 Μ.
2163 572 2481 680 Lepido³⁰
2484 636 2504 669 ,

399 696 484 781 Q.
510 692 747 763 Catulo
789 718 954 773 coss.
986 708 1061 761 ut
1106 708 1365 762 constat
1402 696 1572 761 inter
1600 691 2124 786 diligentissimos
2169 706 2506 775 auctoreS,

399 798 633 866 domus
672 797 960 893 pulcrior
1000 824 1133 868 non
1177 800 1301 868 fuit
1340 802 1570 868 Romae
1601 821 1796 892 quam
1834 797 2123 890 Lepidi
2107 782 2392 890 ipsius³.
2353 796 2509 865 ¹.At

398 902 665 971 hercule
698 906 871 972 intra
908 928 1116 973 annos
1146 930 1343 973 xxxv
1384 904 1612 974 eadem
1649 904 2079 972 centesimum
2117 901 2334 971 locum
2372 926 2510 970 non

400 1008 705 1077 obtinuit.
753 1013 1163 1103 Computet
1146 1036 1214 1077 ιιι
1248 1011 1375 1080 hac
1411 1010 1874 1089 aestimatione,
1917 1008 2029 1101 qui
2073 1005 2286 1094 volet,
2327 1032 2508 1075 mar-

399 1138 661 1183 morum
684 1113 925 1183 molem
943 1140 1181 1208 ,opera
1210 1118 1573 1209 pictorum,
1601 1114 1930 1208 impendia
1957 1109 2234 1205 regalia,
2264 1125 2331 1180 et
2359 1137 2512 1183 cum

402 1206 911 1312 pulcherrima&
950 1220 1524 1314 laudatissimaque
1570 1234 1896 1289 certantes
1938 1237 2200 1287 centum
2242 1216 2508 1286 domos:

402 1340 759 1418 posteaque
784 1348 893 1393 eas
916 1324 1001 1392 ab
1020 1324 1605 1393 innumerabilibus
1631 1324 1810 1393 aliis
1793 1349 1860 1392 ιιι
1885 1324 2064 1391 hunc
2094 1322 2264 1389 diem
2287 1323 2510 1391 victas.

400 1430 705 1497 Profecto
732 1428 1029 1498 incendia
1054 1430 1337 1522 puniunt
1369 1429 1628 1498 luxum:
1663 1454 1784 1496 nec
1821 1444 2043 1495 tamen
2078 1426 2252 1495 effici
2278 1440 2515 1521 potest,

402 1552 475 1602 ut
506 1558 723 1601 mores
751 1532 1049 1626 aliquid
1032 1559 1175 1627 ipso
1202 1535 1472 1602 homine
1501 1532 1840 1602 mortalius
1867 1530 2250 1627 intelligant.

505 1636 636 1705 Sed
664 1662 772 1705 eas
809 1662 1036 1705 omnes
1067 1637 1211 1707 duae
1245 1639 1479 1708 domus
1520 1640 1841 1707 vicerunt.
1883 1638 1992 1706 Bis
2029 1621 2372 1704 vidimus³³
2401 1660 2512 1703 ur·
2549 1649 2584 1701 8

402 1742 553 1810 bem
596 1756 803 1810 totam
840 1744 1014 1835 cingi
1045 1744 1351 1813 domibus
1393 1744 1800 1838 principum,
1846 1728 2058 1811 Caii³⁴
2095 1756 2161 1810 et
2197 1742 2519 1826 Neronis»,

400 1860 467 1915 et
502 1847 699 1939 hujus
750 1847 1045 1941 quidem,
1086 1874 1173 1917 ne
1208 1849 1366 1944 quid
1410 1850 1694 1935 deesset,
1733 1872 1952 1917 aurea.
1995 1832 2383 1915 Nimirum³⁵
2428 1846 2520 1914 sic

397 1952 779 2020 habitarunt
822 1951 947 2035 illi,
990 1955 1104 2045 qui
1136 1954 1321 2022 hoc
1305 1956 1654 2048 imperium
1695 1955 1942 2039 fecere,
1975 1966 2190 2020 tantas
2233 1950 2339 2080 ad6
2359 1952 2512 2017 vin-

401 2057 640 2126 cendas
659 2071 886 2151 gentes
905 2058 1405 2153 triumphosque
1424 2058 1804 2127 referendos
1821 2058 1906 2125 ab
1923 2072 2144 2127 aratro
2174 2042 2312 2125 aut³
2313 2041 2518 2124 ⁶foco

1504 2241 1688 2295 illius
1673 2261 1727 2295 ιιι
1757 2242 1954 2295 Palatio
1981 2241 2123 2295 fuit·
2110 2280 2121 2291 .
2153 2239 2302 2293 istius
2325 2260 2354 2293 a
2388 2241 2524 2293 colle

1505 2321 1742 2373 Palatino
1764 2320 2068 2391 Palatioque
2085 2319 2392 2391 principum
2408 2356 2425 2383 ,
2443 2332 2526 2371 to-

1505 2411 1582 2452 tas
1615 2400 1781 2452 ferme
1807 2399 2077 2470 Exquilias
2111 2398 2391 2469 occupavit
2423 2416 2436 2450 :
2465 2410 2528 2449 ut

398 2244 649 2314 quinque.
665 2240 799 2293 Inde
814 2241 862 2293 ei
879 2254 1019 2294 certe
1038 2242 1200 2295 Prisci·
1216 2260 1415 2313 eogno-

402 2339 527 2373 men
560 2320 737 2372 verius
770 2320 1125 2374 existimamus
1154 2320 1415 2386 inditum,

403 2418 563 2469 quam
602 2418 663 2450 ex
702 2415 765 2450 eo
801 2398 945 2469 qnod
974 2400 1197 2452 alterum
1220 2418 1417 2469 cogno·

402 2478 598 2529 minem
610 2477 961 2547 Tarquinium
981 2479 1277 2549 praecessit:
1295 2496 1419 2531 nam

402 2557 445 2609 si
465 2557 578 2609 haec
596 2574 749 2609 causa
776 2556 943 2620 foret,
972 2569 1174 2609 tantum
1198 2557 1421 2628 Tarqui-

402 2636 523 2688 nius
555 2637 723 2706 prior,
762 2647 820 2688 ut
865 2636 1146 2689 Africanus
1184 2636 1352 2707 prior,
1391 2654 1420 2687 a

405 2714 609 2779 Plinio,
636 2713 823 2773 credo.
852 2713 1133 2768 diceretur.
1160 2716 1341 2766 Ηιιιι).

489 2792 572 2845 30.
604 2792 677 2844 M.
706 2792 903 2861 Lepido.
932 2796 1091 2846 Anno
1116 2804 1237 2861 post
1263 2792 1421 2861 Syllae

406 2868 609 2923 obitum
637 2887 651 2920 :
688 2870 853 2921 Urbis
892 2872 1033 2940 676,
1067 2882 1127 2922 ut
1154 2867 1415 2935 diximus,

405 2966 519 3019 cap.
555 2951 607 3002 8.
636 2946 816 2999 Ham).

489 3026 519 3079 3
534 3046 556 3080 1
570 3065 584 3078 .
634 3025 808 3094 Lepidi
854 3029 1019 3095 ἱρείας.
1064 3027 1169 3092 Qui
1218 3028 1422 3099 primus

408 3123 639 3159 marmor
660 3103 1009 3157 Numidicum
1027 3106 1243 3173 invexit,
1266 3126 1423 3178 supra

407 3202 526 3255 cap.
552 3188 584 3237 6
615 3184 773 3253 hujus
797 3184 939 3236 libri.
970 3185 1106 3237 Du..

489 3262 581 3317 32.
634 3264 712 3315 Ee
762 3282 869 3315 cum
908 3264 1243 3333 pulcherrima.
1284 3266 1422 3319 Cum

406 3342 483 3395 Μ.
510 3342 703 3413 Lepidi
730 3340 911 3396 domo·
942 3342 1125 3396 Hann.

488 3422 580 3476 33.
606 3422 695 3473 Bis
723 3421 947 3475 vidimus.
978 3422 1264 3493 vulgatum
1286 3422 1421 3477 illud

408 3498 463 3552 in
492 3518 607 3553 eam
633 3520 745 3553 rem
774 3499 843 3553 de
869 3501 1081 3554 Nerone
1102 3514 1311 3555 carmen
1338 3522 1423 3555 re-

409 3577 535 3631 citat
588 3580 928 3651 Tranquillus
948 3619 965 3643 ,
1013 3581 1071 3633 in
1124 3583 1236 3653 ejus
1281 3581 1417 3644 vita,

410 3674 525 3727 cap.
554 3678 751 3712 xxxix:
795 3685 817 3707 ι
852 3661 1017 3713 Roma
1061 3658 1252 3713 domus
1278 3661 1415 3714 fiet·
1403 3684 1415 3713 z

1507 2496 1615 2529 non
1641 2478 1910 2529 immerito
1934 2477 2003 2530 de
2023 2496 2082 2530 ea
2109 2478 2362 2530 Martialis
2389 2478 2526 2530 ceci-

1506 2557 1648 2608 nerit
1672 2556 1727 2607 in
1755 2556 1991 2626 Spectac.
2013 2557 2185 2621 libro,
2213 2556 2398 2628 Epigr.
2430 2575 2478 2609 11
2508 2574 2523 2608 2

1513 2660 1537 2683 ι
1571 2636 1798 2705 Unaque
1819 2636 1928 2704 jam
1964 2646 2069 2686 tota
2100 2636 2266 2688 stabat
2294 2636 2350 2687 in
2385 2637 2522 2687 urbe

1508 2711 1716 2766 domus.
1748 2737 1770 2758 ι
1799 2712 1980 2764 Simile
2007 2711 2150 2765 istud
2173 2712 2530 2785 Olympiodo-

1507 2792 1584 2851 ri.
1640 2791 1695 2843 in
1753 2790 1891 2843 Bibl.
1944 2791 2122 2843 Photii
2179 2790 2298 2845 cod.
2351 2810 2488 2845 mcxx
2511 2830 2529 2857 ,

1507 2888 1626 2942 pag.
1649 2888 1753 2938 ¹97
1779 2887 1792 2922 :
1817 2860 1897 2929 Εἷς
1922 2866 2074 2939 δόμος
2098 2869 2190 2929 deu
2212 2872 2368 2934 πέλει,
2389 2872 2528 2932 πόλις

1511 2950 1639 3010 οἷς-ια
1655 2951 1802 3019 μυρία.
1817 2950 1992 3016 τεύχει.
2022 2974 2044 2994 ι
2067 2949 2185 3001 Una
2201 2946 2390 3000 domus
2406 2950 2530 3003 urbs

1509 3042 1621 3081 est:
1645 3029 1772 3081 urbs
1797 3026 1991 3099 oppida
2014 3026 2242 3098 plurima
2271 3026 2520 3080 claudit.»

1509 3107 1819 3171 Suetonius,
1845 3108 1902 3159 in
1937 3106 2175 3165 Nerone,
2207 3125 2323 3179 cap.
2353 3126 2482 3161 xxxr
2511 3124 2526 3159 ε

1517 3212 1540 3236 ι
1565 3188 1794 3239 Domum
1813 3204 1844 3239 a
1858 3184 2056 3239 Palatio
2081 3187 2348 3259 Exquilias
2365 3206 2529 3259 usque

1509 3264 1662 3330 fecit,
1711 3282 1868 3336 quam
1918 3265 2094 3335 primo
2141 3266 2526 3330 transitoriam,

1508 3362 1630 3397 mox
1679 3342 1929 3397 incendio
1971 3345 2334 3417 absumptam,
2378 3345 2530 3397 resti·

1509 3436 1796 3495 tutamque,
1815 3424 2041 3477 Auream
2057 3425 2370 3488 nominavit,
2385 3434 2520 3474 etc.-

1507 3504 1620 3556 Et·
1606 3522 1661 3556 ιιι
1703 3490 1944 3568 Othone,
1987 3522 2102 3575 cap.
2133 3521 2264 3557 vn:
2299 3500 2529 3563 ·Quin-

1508 3582 1708 3654 genties
1747 3584 2037 3635 sestertium
2077 3581 2145 3635 ad
2173 3577 2528 3653 peragendam

1511 3662 1718 3715 Neronis
1744 3663 1970 3715 Auream
1997 3659 2214 3713 domum
2249 3658 2382 3711 Ocho
2413 3656 2532 3710 sub-

410 3734 573 3789 Veios
600 3740 842 3808 migrate,
870 3736 1105 3803 Quirites
1130 3740 1217 3792 :Si
1242 3758 1352 3792 non
1374 3754 1428 3794 et
1513 3741 1734 3812 scripsit.
1766 3767 1788 3788 ι
1823 3742 2002 3793 lium.

413 3813 575 3866 Veios
604 3830 827 3889 occupat
857 3819 953 3871 ista
986 3816 1192 3871 domus.
1218 3844 1243 3866 n
1276 3818 1345 3871 H.

494 3891 586 3957 34.
634 3896 745 3948 Caii
781 3909 830 3948 et
880 3898 1103 3951 Nemnis.
1145 3896 1257 3950 Caii
1296 3898 1427 3951 Ger-

415 3973 605 4027 manici
624 3976 861 4042 Caesaris,
884 3990 936 4031 et
957 3976 1199 4031 Neronis.
1222 3978 1425 4031 Domus

1593 3820 1686 3875 35.
1715 3822 1970 3875 Nimirum.
2015 3816 2224 3867 Dictum
2257 3816 2527 3884 εἰρωνικῶς.

1515 3900 1698 3953 Halm.

1597 3978 1687 4032 36.
1725 3978 1806 4031 Ab
1835 3988 1998 4029 aratro
2030 3986 2118 4025 aut
2131 3973 2266 4039 foco.
2299 3973 2380 4025 Ab
2413 3990 2524 4027 ara-
