2975 4684
469 386 624 473 684
1023 388 1100 471 C.
1154 388 1482 460 PLINII
1538 386 1747 455 NAT.
1806 385 2053 455 fflsT.

466 520 679 589 aciem
701 542 838 589 non
855 518 1168 587 hebetari.
1197 522 1292 589 Et
1325 532 1482 590 sunt
1510 517 1721 589 multo
1756 516 2015 637 plures,
2040 516 2379 610 magisque
2408 542 2613 593 mon-

469 626 762 710 strificae,
803 622 1040 717 quibus
1086 623 1349 693 barbari
1381 624 1641 703 dedere
1678 624 1983 708 nomina,
2020 622 2303 691 confessi
2348 620 2609 717 lapides

468 756 631 801 esse.
677 730 886 799 Nobis
915 731 1070 799 satis
1095 731 1220 799 erit
1255 732 1321 799 in
1353 730 1458 801 his
1500 731 1873 825 coarguisse
1901 729 2047 797 dira
2076 728 2435 798 mendacia.

395 866 416 897 1
576 836 890 905 LXXIV.
944 824 1127 928 (xn.)
1173 840 1470 906 Gemmae
1502 850 1865 907 nascuntur
1908 848 1977 904 et
2010 828 2321 928 repente²
2362 859 2555 904 novae
2578 888 2601 923 ,

461 966 544 1011 ac
587 944 724 1011 sine
765 940 1188 1011 nominibus.
1227 956 1303 1011 ut
1333 944 1743 1037 Lampsaci
1726 967 1793 1011 m
1830 937 2107 1011 metallis
2140 941 2417 1010 aurariis
2461 962 2599 1011 una

455 1049 763 1132 inventa,
789 1071 934 1141 quae
965 1062 1237 1142 propter
1270 1048 1787 1142 pulcritudinem
1824 1044 2195 1116 Alexandro
2226 1046 2364 1141 regi
2398 1048 2597 1117 missa

456 1153 615 1236 fuit,
651 1167 726 1221 ut
761 1167 996 1223 auctor
1017 1152 1685 1249 est'l'heophrastus.²
1714 1136 2101 1224 Cochlides³
2128 1176 2394 1245 quoque
2416 1177 2594 1222 nunc

455 1258 954 1378 vulgatissimae,
1003 1258 1173 1329 fiunt
1222 1261 1476 1346 verius,
1530 1283 1731 1354 quam
1774 1272 2187 1329 nascuntur.
2232 1259 2305 1325 in
2348 1259 2595 1328 Arabia

451 1367 734 1460 repertis
766 1365 1145 1461 ingentibus
1180 1361 1386 1461 glebis
1407 1418 1426 1449 ,
1447 1365 1643 1435 melle
1678 1365 1956 1459 excoqui
1994 1363 2264 1432 tradunt
2300 1366 2586 1457 septenis

457 1470 692 1541 diebus
721 1470 1158 1565 noctibusque
1194 1476 1336 1541 sine
1374 1473 1897 1541 intermissione:
1938 1472 2029 1539 ita
2055 1470 2235 1537 omni
2264 1482 2529 1539 terreno
2542 1457 2592 1557 ⁴,

360 1654 364 1657 ,
455 1578 826 1697 vitiosoque
849 1577 1126 1647 decusso
1143 1628 1162 1659 ‚
1180 1592 1531 1696 purgatam
1554 1602 1919 1673 puramque
1940 1574 2237 1675 glebam,
2260 1574 2592 1645 artificum

453 1684 717 1781 ingenio
759 1684 936 1752 varie
976 1682 1335 1753 distribui
1317 1710 1385 1751 in
1431 1709 1671 1769 venas,
1728 1682 2097 1811 ductusque
2139 1679 2587 1767 macularum,

454 1814 655 1883 quam
683 1792 970 1858 maxime
993 1789 1303 1859 vendibili
1325 1792 1579 1861 ratione
1608 1772 2042 1866 sectantium⁵
2068 1785 2588 1882 ·quondamque

450 1909 649 1993 tantae
709 1894 1176 1991 magnitudinis
1227 1896 1482 1985 fecere,
1526 1912 1603 1967 ut
1650 1896 1835 1991 equis
1890 1918 2120 1989 regum
2187 1894 2257 1961 in
2311 1895 2589 1964 Oriente

521 2110 776 2165 LXXIV.
809 2130 858 2165 1.
887 2112 1100 2177 Gemma
1129 2126 1390 2167 nascuntur
1411 2126 1461 2167 et

443 2202 628 2261 repente
653 2209 801 2243 nova.
831 2192 970 2262 Lege
991 2212 1008 2247 ι
1043 2218 1066 2240 ι
1093 2192 1332 2246 Gemma
1365 2212 1460 2246 na..

438 2282 659 2325 scuntur
683 2280 738 2321 et
759 2284 979 2340 repente
1010 2288 1193 2336 novss,
1237 2288 1298 2323 ac
1345 2272 1458 2325 sine

437 2349 748 2403 nominibus
762 2385 779 2415 ‚
798 2361 857 2401 ut
869 2367 990 2403 ecee
1003 2350 1278 2421 Lampsaci
1289 2344 1457 2408 imam

371 2484 387 2493 κ
436 2429 656 2483 invenio
685 2428 738 2481 in
767 2430 988 2483 metallis
1026 2429 1245 2483 aurariis
1273 2449 1460 2500 reper-

438 2521 564 2563 tam.
598 2508 822 2560 ·.Ssut

521 2608 572 2641 s.
632 2586 1002 2657 Theophrastus
1055 2588 1212 2643 Nunc
1261 2588 1458 2660 legitur

433 2668 493 2721 in
528 2666 668 2719 libro
713 2666 824 2738 πιρὶ
879 2668 1040 2723 λίθων.
1081 2658 1144 2721 ἐν
1195 2670 1456 2741 Λαμψάκῳ

433 2745 494 2801 δι’
553 2743 672 2799 ποτ’
723 2748 770 2798 ἐν
829 2752 930 2810 τοῖς
983 2749 1241 2818 χρυσίοις,
1295 2750 1454 2819 capion

431 2825 661 2899 θαυμαςὴ
713 2826 868 2892 λίθος,
914 2829 966 2891 ἐξ
1017 2823 1074 2890 ἧς
1125 2827 1456 2896 ἀνενεχθείσης

431 2909 550 2979 πρὸς
604 2906 790 2975 σφῦραν
807 2944 824 2971 ,
875 2904 1158 2979 σφραγίδων
1213 2909 1448 2977 γλαφυρὸν

432 2989 711 3056 ἀνιπίμφθη
756 2984 950 3050 βασιλεῖ
971 2982 1072 3043 ,διὰ
1103 2989 1158 3039 τὸ
1199 2987 1450 3055 περιττόν.

438 3066 578 3119 «Ac
603 3064 914 3132 Lampsaci,
937 3065 1144 3135 inquit,
1167 3065 1224 3117 in
1245 3065 1449 3123 aurifo

429 3142 569 3199 dinis
597 3143 810 3195 inventa
834 3154 914 3197 est
937 3142 1224 3215 aliquando
1245 3162 1452 3215 gemma

427 3218 771 3287 admiranda,
799 3240 861 3275 ex
885 3240 1014 3295 qua,
1040 3242 1210 3296 quum
1228 3222 1298 3277 ad
1325 3226 1454 3287 mal-

427 3304 572 3357 leum
589 3301 754 3355 relata
772 3316 929 3367 esset,
956 3304 1188 3375 sigillum
1207 3304 1452 3374 sculptile

427 3383 647 3437 missum
675 3390 754 3432 est
785 3384 924 3453 regi,
950 3397 1170 3455 propter
1201 3396 1452 3455 praestan-

339 3502 352 3519 .
427 3464 634 3517 tisun.-
611 3458 855 3516 allum.

509 3544 564 3597 3.
609 3538 880 3595 cochlides.
925 3540 1273 3595 cochlidibus
1301 3539 1452 3594 dissi-

426 3622 580 3676 miles
605 3636 715 3671 non
737 3634 862 3675 sunt
882 3620 1167 3675 conchides
1183 3656 1199 3685 ,
1227 3620 1453 3691 Megaris

425 3701 602 3755 ubivis
651 3697 710 3750 in
760 3698 1060 3773 lapicidinis
1107 3700 1253 3752 ob'vii
1271 3739 1288 3762 ,
1335 3700 1451 3754 aliis

424 3781 694 3835 molliores
711 3821 726 3845 ,
751 3780 1028 3851 insigniter
1053 3777 1302 3841 candidi,
1327 3798 1451 3835 con-

425 3860 597 3915 chulis
623 3861 836 3915 marinis
866 3859 1038 3930 pleni,
1067 3872 1284 3913 auctore
1310 3859 1450 3912 Pau-

423 3940 597 4003 sania,
637 3939 731 3994 lib.
763 3940 810 3993 1.
858 3938 1146 3994 Cochlides
1177 3939 1232 3991 in
1267 3937 1451 4009 lapici-

424 4015 562 4087 dinis
585 4016 851 4089 Lugduno
874 4018 1190 4089 propinquis
1203 4018 1452 4091 frequen·

1547 2126 1631 2167 ter
1646 2114 1993 2167 inveniuntur
2008 2128 2325 2183 compresso
2344 2111 2583 2166 cochlea

1546 2192 1761 2257 similes,
1779 2192 1959 2245 multis
1982 2191 2140 2263 spiris
2167 2190 2436 2257 flexuosa,
2455 2210 2583 2245 saxo

1549 2272 1791 2336 indum,
1831 2274 2051 2341 ampla,
2095 2269 2410 2341 ponderosa
2430 2310 2447 2335 ‚
2498 2270 2583 2325 vi-

1546 2350 1707 2407 senda
1736 2366 1787 2405 et
1820 2349 2137 2405 admiranda
2164 2350 2219 2403 in
2243 2351 2311 2403 iis
2338 2352 2583 2405 forman·

1549 2429 1633 2486 dis
1654 2444 1853 2485 natura
1882 2431 2087 2485 solertia
2112 2451 2128 2482 ι
2152 2430 2208 2483 in
2240 2428 2427 2484 iisdem
2448 2430 2586 2502 lapi-

1547 2508 1738 2565 cidinis
1774 2510 1841 2565 ad
1886 2529 2078 2581 pagum
2121 2507 2236 2563 divi
2279 2510 2489 2581 Cyriaci
2524 2522 2585 2563 et

1552 2591 1775 2644 Romani
1846 2588 2135 2643 conchides
2198 2590 2574 2659 reperiuntur.

1544 2674 1725 2741 quales
1750 2669 2035 2723 Pausanias
2051 2668 2330 2723 describit.
2350 2668 2579 2721 Alexan·

1546 2748 1643 2803 der
1680 2749 2063 2819 Neapolitanus
2082 2788 2097 2813 ,
2143 2749 2241 2803 lib.
2264 2749 2339 2813 V,
2394 2765 2509 2819 oep.
2538 2767 2576 2818 9

1543 2828 1754 2882 Genial.
1768 2827 2003 2887 dierum.
2024 2828 2212 2881 scribit
2231 2827 2289 2881 in
2308 2828 2583 2901 montibus

1544 2908 1783 2961 Calabris
1807 2908 2001 2979 procul
2025 2926 2054 2960 a
2084 2908 2219 2961 mari
2242 2906 2581 2963 versicoloris

1540 3006 1594 3039 se
1620 2988 1900 3041 marmoris
1918 2988 2148 3040 frustum
2162 2986 2377 3051 vidisse,
2390 2986 2447 3039 in
2466 3004 2580 3057 quo

1541 3066 1863 3137 multiplices
1924 3065 2142 3119 conchas
2196 3078 2465 3137 congesta
2514 3076 2575 3119 et

1538 3159 1797 3199 concreta
1824 3145 2158 3211 coaluerant,
2198 3163 2356 3200 ossen
2394 3144 2577 3217 potius

1536 3244 1697 3297 quam
1718 3224 2128 3294 lapideae,etiam
2147 3243 2313 3295 quum
2334 3242 2573 3279 marmor

1539 3302 1847 3369 dissecatur,
1874 3305 2019 3357 intus
2044 3302 2431 3357 delitescentes.
2462 3304 2573 3358 co·

1540 3381 1733 3437 chlidis
1770 3380 1829 3435 id
1860 3390 2027 3454 genus
2066 3394 2161 3437 est.
2193 3382 2335 3437 Du..
2358 3414 2437 3425 -—
2470 3382 2574 3436 Co-

1539 3463 1735 3515 oblides.
1757 3459 2031 3531 Κοχλὶδις,
2058 3480 2087 3515 a
2110 3460 2461 3515 similitudine
2482 3480 2573 3515 co·

1539 3542 1831 3597 chlearum.
1861 3542 1929 3595 H.
1954 3572 2035 3585 --
2062 3540 2347 3595 cochlides
2368 3540 2481 3611 illa·
2499 3539 2570 3594 ad

1540 3622 1769 3675 conchas
1808 3620 2042 3691 lapideas
2089 3623 2357 3693 pertinere
2384 3618 2575 3675 viden·

1538 3713 1659 3767 tut-3
1682 3701 1895 3767 nostris,
1916 3698 2569 3773 coquillagespderg'fie's.En.

1622 3787 1676 3845 4.
1712 3782 1937 3835 Tenens.
1972 3778 2211 3833 Terrena
2244 3779 2445 3848 pulmo
2476 3778 2573 3832 ad-

1540 3860 1842 3913 koereseents.
1867 3858 2053 3913 Hsnn.

1548 3992 1551 3999 ,
1620 3940 1674 3995 5.
1702 3938 2016 3996 Sootantium.
2054 3938 2213 3991 Forte
2253 3939 2518 3991 secantium
2544 3976 2567 4003 ,

1540 4019 1643 4075 hoe
1664 4030 1770 4087 est,
1796 4019 2128 4091 polientium.
2158 4016 2339 4073 Ham.
