2975 4684
1091 390 1396 457 LIBER
1445 390 1765 456 XXXV.

2367 389 2505 485 393

383 550 580 621 poma
615 540 683 595 et
711 550 908 607 uvae,
931 538 1005 591 ut
1045 546 1178 593 non
1224 528 1448 617 posses
1481 521 1797 615 adspectu
1832 520 2202 591 discernere
2230 547 2269 591 a
2312 525 2502 595 veriS.
2614 568 2619 581 ·

381 632 566 701 Idem
598 630 975 725 magnificat
1021 627 1419 699 Arcesilaum
1439 681 1458 713 ‚
1488 630 1676 697 Lucii
1709 624 2028 696 Luculli¹¹
2069 624 2455 699 familiarem
2480 685 2501 718 ,

383 740 568 831 cujus
607 732 1118 833 proplasmata¹²
1156 733 1360 829 plutis
1398 735 1625 801 venire
1667 731 1855 802 solita
1895 733 2255 803 artificibus
2306 736 2497 829 ipsiS,

381 868 578 939 quam
618 842 895 913 aliorum
926 864 1146 936 opera.
1175 840 1276 909 Ab
1295 840 1428 909 hoc
1451 840 1689 909 factam
1716 841 2042 909 Venerem
2076 842 2495 911 Genetricem
2538 859 2573 910 3

381 950 448 1017 in
475 948 622 1019 foro
651 951 970 1035 Caesaris,
1001 962 1068 1017 et
1100 948 1480 1041 priusquam
1513 943 1986 1028 absolveretur,
2022 934 2498 1017 festinatione¹3

380 1054 722 1125 dedicandi
737 1056 1037 1150 positam
1059 1051 1313 1123 Deinde
1331 1051 1544 1121 eidem
1564 1050 1997 1144 aLuculloH-
2000 1052 2069 1119 S.
2090 1050 2197 1117 Lx¹
2205 1040 2498 1147 “signum

379 1159 729 1231 Felicitatis
763 1160 1080 1245 locatum,
1125 1160 1232 1228 cui
1268 1183 1448 1227 mors
1474 1158 1818 1250 utriusque
1856 1155 2180 1233 inviderit.
2215 1161 2499 1229 Octavio

379 1268 579 1361 equiti
629 1292 905 1337 romano
951 1280 1202 1395 c5ratera
1244 1264 1460 1333 facere
1505 1262 1787 1349 volenti,
1827 1260 2163 1355 exemplar
2205 1288 2241 1330 a
2296 1290 2501 1359 gypso

378 1371 624 1442 factum
685 1357 998 1441 talento¹⁵

1007 1368 1340 1438 ,Laudat
1404 1384 1471 1437 et
1520 1368 1863 1437 Pasitelem
1884 1354 1964 1453 ¹⁵,
2027 1370 2140 1461 qui
2186 1366 2499 1462 plasticen

377 1494 656 1549 matrem
687 1475 1015 1547 statuariae
1035 1473 1110 1560 ¹⁷,
1145 1473 1652 1567 scalptuiaeque,
1682 1490 1749 1541 et
1771 1473 2095 1543 caelaturae
2131 1499 2271 1543 esse
2305 1474 2499 1544 dixit.

375 1598 443 1651 et
499 1607 704 1677 quum
754 1596 925 1650 esset
965 1582 1032 1648 in
1074 1578 1391 1649 omnibus
1434 1578 1541 1647 his
1590 1603 1917 1663 summuS,
1972 1578 2135 1648 nihil
2188 1606 2503 1675 umquam

375 1688 568 1774 fecit,
597 1701 953 1780 antequam
983 1671 1239 1753 finxit¹⁸

373 1792 609 1880 Italiae,
649 1807 715 1861 et
761 1793 1051 1860 maxime
1111 1791 1392 1859 Etruriae
1439 1815 1452 1856 :

357 1968 528 2034 sactus
583 1968 752 2019 Romoe
803 1966 957 2019 tubas.
1019 1964 1186 2019 Acad.
1243 1966 1391 2017 Men.

369 2046 515 2100 Gud.
535 2046 682 2115 facta
703 2050 916 2115 pomeeia
951 2064 1093 2098 vasa.
1136 2040 1240 2097 Sed
1270 2042 1390 2096 red·

369 2124 600 2180 dendum
630 2138 769 2188 erat,
799 2126 948 2193 facta
979 2144 1124 2195 poma
1164 2136 1212 2177 et
1255 2144 1390 2177 uvas.

368 2204 618 2277 Sequitur
637 2205 692 2257 in
709 2204 872 2259 Acad.
895 2205 1040 2257 Men.
1057 2202 1203 2257 Gud.
1225 2230 1248 2251 .
1261 2204 1390 2257 item

366 2285 524 2354 piscis
549 2283 800 2354 adspectu
815 2304 842 2337 a
861 2285 998 2337 veris
1021 2282 1380 2337 discernere.-

367 2364 522 2417 voss.
544 2389 567 2411 ι
595 2364 722 2416 item
743 2363 901 2435 piscis
925 2362 1176 2435 adspectu
1191 2360 1388 2415 discer-

367 2460 500 2494 nere
544 2460 573 2495 s
605 2441 760 2495 veris.
801 2468 824 2489 ι
866 2444 1136 2513 Nusquam
1153 2482 1168 2507 ,
1221 2445 1290 2493 ita
1335 2456 1389 2495 ut

367 2540 462 2572 rum
503 2524 586 2575 sit.
621 2522 824 2574 Censeo
857 2524 1066 2592 piscibus
1101 2522 1237 2575 nihil
1277 2541 1388 2575 esse

365 2598 502 2665 loci,
531 2614 584 2653 et
620 2601 885 2671 scripsisse
907 2615 1176 2657 auctorem
1207 2622 1220 2652 ε
1262 2626 1284 2649 ι
1328 2612 1386 2654 ut

365 2698 480 2733 nou
517 2698 700 2751 posses
742 2680 993 2750 adspectu
1028 2681 1328 2734 discernere
1353 2698 1386 2733 a

365 2759 519 2811 veris.
538 2785 561 2806 ι
584 2760 1030 2813 mom—Possm.
1055 2761 1161 2825 Qui
1189 2759 1390 2813 Graecis

363 2840 538 2902 Πόσις,
560 2838 762 2891 Latinis
783 2838 928 2891 idem
946 2840 1260 2910 plerumque
1285 2836 1388 2889 Po-

362 2916 604 2969 sidonius
630 2916 944 2986 appellatus.
970 2918 1122 2969 Libri
1145 2916 1214 2971 ad
1241 2916 1384 2970 huuc

365 2994 510 3049 diem
535 2993 666 3048 editi
692 3011 706 3045 :
748 3019 771 3041 ι
811 3013 840 3047 a
867 3013 976 3065 quo
1005 2995 1166 3049 factas
1202 2998 1384 3049 Roma

365 3090 520 3135 uvas.
559 3099 582 3122 ι
615 3071 838 3143 frigide,
862 3093 1028 3147 quum
1062 3075 1228 3128 Roma
1257 3094 1383 3168 pro-

362 3154 508 3207 xime
536 3154 888 3207 antecesserit.
917 3154 1076 3217 Mox,
1097 3177 1120 3199 ι
1152 3156 1276 3209 item
1297 3156 1382 3227 pi-

359 3252 471 3287 sces
485 3271 502 3297 ‚
526 3233 599 3287 ita
620 3246 679 3287 ut
698 3252 805 3286 uon
831 3236 897 3287 sit
919 3232 1166 3305 adspectu
1183 3272 1201 3297 ,
1227 3248 1374 3288 etc.»

362 3312 577 3367 Rectius
597 3324 718 3365 esset
735 3332 864 3367 sane
885 3312 1078 3367 diceret
1093 3352 1110 3379 ,
1125 3332 1288 3385 quum
1313 3312 1384 3367 de

361 3393 722 3447 remotissimis
754 3394 1013 3446 Varronis
1053 3394 1381 3465 temporibus

361 3488 502 3524 nunc
537 3485 743 3543 agatur.
786 3476 856 3526 At
888 3475 1015 3545 Reg.
1071 3492 1128 3537 s,
1165 3498 1187 3521 ι
1211 3492 1240 3527 a
1267 3492 1378 3545 quo

359 3550 494 3605 fiete
549 3565 731 3623 pomet
783 3570 942 3615 uvas,
1007 3554 1134 3604 item
1206 3554 1380 3625 poscis

358 3628 605 3699 adspectu
627 3630 967 3685 discerneres
995 3630 1148 3685 veris.
1173 3656 1194 3677 ·
1213 3632 1301 3685 Sic
1321 3645 1377 3685 et

359 3708 450 3761 alii
476 3711 670 3779 pariter
696 3712 924 3765 codices.
948 3710 1016 3764 Η.
1035 3742 1116 3755 —-
1139 3712 1284 3765 Brot.
1307 3730 1374 3765 ex

359 3786 488 3841 edit.
513 3808 597 3859 pr.
634 3816 657 3838 ι
683 3791 808 3845 item
837 3790 1005 3861 pisces
1029 3807 1164 3861 quos
1195 3788 1375 3862 adspe-

360 3878 452 3919 ctu
465 3867 584 3921 (La.
607 3888 716 3922 ver.
741 3870 830 3923 vix
852 3888 1048 3942 posses.
1073 3896 1096 3917 ι
1127 3872 1234 3923 En.

449 3964 466 3997 ι
487 3966 532 3999 ι.
579 3950 716 4001 Lucia·
749 3950 958 4002 Luculli.
989 3950 1069 4001 De
1099 3968 1206 4020 quo
1235 3949 1371 4005 dixi-

360 4042 478 4077 mus
498 4043 682 4097 συρτει,
711 4047 826 4099 cap.
859 4037 944 4092 4ο.
983 4030 1160 4081 Haeo.

1245 1685 1619 1753 .Praeterea
1654 1683 2057 1753 elaboratam
2095 1687 2269 1755 hanc
2293 1702 2503 1756 artem
2554 1694 2559 1699 ’

1504 1789 2065 1885 Turianumque¹⁹
2108 1815 2145 1859 a
2198 1792 2505 1888 Fregellis

1570 1983 1592 2017 1
1608 1986 1657 2019 ².
1690 1967 2043 2036 proplasmata.
2085 1968 2471 2038 Προπλάσμοιτοι
2485 2007 2502 2034 ,

1477 2042 1592 2096 sive
1625 2047 1887 2115 πρότυπα,
1915 2045 1983 2099 de
2014 2046 2209 2116 quibus
2246 2064 2362 2117 cap.
2394 2048 2503 2114 43,

1475 2122 1559 2175 des
1586 2126 1807 2177 modeles.
1832 2126 2011 2178 Hum-

1562 2204 2023 2257 13.Fest1‘natione.
2070 2202 2346 2258 Dedicuvit
2374 2206 2500 2259 Coe-

1475 2298 1562 2333 sar
1588 2282 1772 2337 dictat.
1796 2284 1933 2347 Dio,
1964 2284 2167 2345 XLIII,
2192 2304 2247 2355 p.
2278 2285 2406 2337 225.
2432 2287 2499 2339 Η.

1582 2370 1672 2427 14.
1722 2364 1799 2415 H·
1804 2362 1859 2415 S.
1906 2366 2007 2413 ΒΧ.
2048 2362 2341 2428 sestertiis,
2394 2364 2499 2418 sive

1472 2444 1767 2499 sestertium
1782 2443 2229 2513 sexagiescentum
2247 2443 2499 2497 millibus.
2508 2479 2515 2487 -

1471 2526 1648 2578 Libra)
1672 2534 1795 2575 sunt
1818 2534 2075 2575 nostrates
2102 2524 2259 2586 280st
2276 2525 2367 2576 25.
2388 2524 2498 2575 En.

1560 2601 1643 2655 15.
1673 2600 1893 2653 Telemo.
1910 2601 2119 2653 Talenti
2134 2602 2327 2671 pretio,
2350 2601 2501 2671 quod

1472 2683 1654 2736 librar.
1664 2680 1979 2733 nostratium
1991 2680 2154 2732 efficit
2174 2684 2308 2745 4‚66
2317 2685 2368 2735 8.
2390 2681 2494 2735 En.

1559 2764 1647 2815 16.
1680 2759 1879 2811 Laudat
1904 2771 1953 2809 et
1978 2759 2249 2812 Pasitelem.
2278 2762 2397 2813 Non
2432 2762 2501 2815 il-

1468 2840 1583 2893 lum
1640 2839 1843 2893 Colotae
1900 2839 2203 2908 magistrum
2261 2837 2331 2891 de
2385 2860 2495 2911 quo

1470 2921 1690 2974 Pausan.
1724 2918 1889 2970 Eliac.
1936 2936 2019 2989 pr.
2064 2919 2135 2979 V,
2184 2938 2304 2990 pag.
2348 2920 2497 2985 325,

1468 2999 1561 3053 sed
1592 2999 1815 3052 alterum
1850 2998 2221 3068 cognominem
2242 3035 2255 3053 .
2290 2997 2357 3051 de
2388 3018 2498 3070 quo

1466 3098 1567 3133 nos
1595 3078 1649 3131 in
1676 3079 1964 3129 Auctorum
1990 3076 2193 3130 Indice.
2226 3078 2412 3131 Han».

1558 3176 1644 3227 ¹7·
1690 3156 1899 3208 Matrem
1931 3160 2198 3209 statuae-im.
2244 3158 2393 3211 Brot.
2428 3177 2495 3211 ex

1466 3237 1625 3291 MSS.
1652 3236 1813 3306 Regg.
1840 3248 1893 3287 et
1914 3234 1997 3287 ed.
2016 3254 2097 3306 pr.
2121 3250 2319 3289 matrem
2345 3242 2493 3293 cata-

1471 3329 1613 3383 ειη-ω,
1626 3328 1675 3367 ee
1694 3318 1975 3378 statuariae,
1996 3306 2363 3389 sculpturaque.
2382 3321 2489 3371 En.

1556 3398 1644 3450 18.
1684 3396 1959 3465 Antequam
1980 3392 2153 3463 finxit.
2193 3399 2493 3469 Antequam

1467 3488 1737 3545 protypon
1767 3491 1857 3527 seu
1886 3474 2186 3546 proplasma
2214 3496 2275 3530 ex
2308 3476 2493 3546 argilla

1469 3555 1643 3609 fluxit.
1676 3554 1857 3607 Hsan.
1956 3610 1975 3621 ‚

1552 3653 1637 3704 19.
1704 3636 2075 3706 Tuo-fanumque.
2134 3631 2325 3703 Spuria
2377 3632 2487 3685 hnc

1461 3712 1709 3767 videntur
1727 3726 1777 3767 et
1796 3713 2131 3783 interpolata.
2154 3711 2321 3763 Natus
2347 3721 2489 3763 certe

1460 3794 1726 3847 Tur-ianus
1762 3793 1854 3846 ille
1880 3810 1943 3844 ex
1976 3789 2291 3859 repetitione
2330 3806 2487 3857 supe·

1460 3873 1618 3927 rioris
1648 3874 1791 3927 vocis
1822 3872 2041 3923 Etruria.
2068 3868 2196 3937 neg.
2229 3886 2257 3917 ²
2286 3886 2384 3937 pro
2404 3868 2483 3921 his

1460 3952 1621 4006 hahet
1650 3975 1663 4004 ε
1698 3954 1901 4004 Etruria
1932 3947 2237 4015 weelgamulis
2265 3950 2483 3999 accitum.

1462 4032 1673 4096 Quibus
1716 4050 1779 4083 ex
1819 4027 1993 4081 verbis
2024 4024 2155 4096 quid
2196 4026 2315 4077 elici
2358 4026 2487 4081 boni
