2975 4684
1158 387 1470 456 LIBER
1520 383 1882 456 XXXVI.

2439 385 2574 461 555

452 522 903 619 pavimentum
936 545 953 589 ε
1000 517 1153 590 dein
1202 520 1409 614 spisse
1452 517 1717 589 calcatis
1773 517 2170 588 carbonibus
2219 519 2574 605 inducitur,

452 627 717 713 sabulo,
761 626 939 698 calce
961 680 982 714 ,
1024 650 1103 695 ac
1139 624 1359 696 favilla
1388 627 1612 694 mixtis
1641 651 1658 694 ε
1696 626 1968 694 materia
1999 625 2432 696 crassitudine
2476 653 2572 704 se·

449 733 760 828 mipedali
804 733 889 802 ad
942 730 1235 826 regulam
1280 745 1349 800 et
1400 728 1686 800 libellam
1741 732 2056 824 exigitur,
2097 745 2166 800 et
2207 746 2306 802 est
2359 733 2572 802 forma

450 855 733 910 terrena.
776 843 845 909 si
884 864 1045 908 vero
1082 853 1230 908 cote
1267 835 1658 932 depolitum²
1697 849 1798 908 est
1817 889 1836 924 ,
1873 837 2046 930 nigri
2085 839 2450 932 pavimenti
2477 841 2574 908 vi·

450 971 597 1022 sum
639 947 911 1016 obtinet.

552 1053 798 1122 LXIV.
827 1049 1260 1121 Lithostrota¹
1279 1062 1710 1144 acceptave-re
1729 1048 1868 1143 jam
1893 1048 2018 1116 sub
2040 1047 2252 1142 Sylla.
2280 1049 2572 1144 parvulis
2614 1099 2635 1132 ι

448 1173 629 1230 certe
663 1159 901 1228 crustis
940 1154 1184 1228 exstat²
1214 1155 1577 1286 hodieque,
1611 1154 1848 1250 quod
1829 1179 1900 1221 m
1939 1157 2248 1224 Fortunae
2292 1157 2573 1228 delubro

447 1268 776 1334 Proeneste
819 1261 991 1334 fecit.
1030 1261 1227 1331 Pulsa
1268 1246 1532 1332 deinde³
1575 1285 1654 1330 ex
1696 1261 1903 1329 humo
1935 1261 2314 1355 pavimenta
2351 1264 2419 1330 in
2457 1289 2570 1332 ca-

445 1395 663 1440 meras
677 1370 1019 1456 transiere,
1028 1369 1294 1441 evitro·
1317 1369 1640 1436 novitium
1661 1381 1728 1435 et
1745 1367 1876 1436 hoc
1899 1367 2262 1436 inventum.
2281 1369 2571 1464 Agrippa

446 1561 785 1614 bramentum
811 1556 1030 1612 triclinii
1055 1555 1281 1610 altitudo
1312 1556 1467 1610 circi·

446 1650 527 1702 ter
549 1635 747 1707 pedum
773 1636 995 1690 binum:
1016 1648 1070 1688 et
1088 1635 1202 1688 solo
1226 1635 1470 1689 fistucato

444 1715 729 1770 inducitur
742 1727 829 1770 aut
846 1715 1013 1770 rudus
1029 1755 1045 1782 ,
1073 1726 1167 1768 aut
1187 1726 1470 1768 testaceum

446 1795 831 1867 pavimentum.
875 1793 1085 1848 Deinde
1122 1794 1385 1865 congestis
1414 1807 1469 1848 et

446 1875 608 1946 spisse
646 1874 857 1928 calcatis
886 1874 1232 1938 carbonibus,
1258 1871 1466 1928 induci·

428 1967 535 2008 tur
559 1971 627 2007 ex
648 1954 935 2017 sabulone,
958 1965 1011 2006 et
1032 1953 1173 2005 calce
1186 1990 1201 2014 ,
1226 1965 1278 2005 et
1291 1953 1467 2005 favilla

444 2034 604 2086 mixta
634 2033 911 2098 materies,
938 2029 1289 2085 crassitudine
1308 2031 1464 2084 semi-

442 2111 651 2184 pedali,
710 2109 777 2164 ad
816 2111 1053 2184 regulam
1097 2121 1153 2164 et
1192 2110 1463 2164 libellam:

442 2203 725 2245 etsummo
748 2190 1067 2244 libramento
1110 2203 1227 2243 cote
1276 2189 1462 2260 dispu-

445 2283 613 2336 mato,
645 2269 889 2324 redditur
914 2270 1117 2340 species
1146 2269 1287 2340 nigri
1314 2270 1463 2340 pavi·

422 2349 429 2356 '
446 2351 633 2403 menti.
654 2349 733 2402 Ita
747 2348 1005 2402 conviviis
1019 2367 1203 2401 eorum
1219 2387 1234 2411 ,
1248 2361 1301 2401 et
1317 2347 1463 2418 quod

446 2429 651 2499 poculis
696 2440 749 2482 et
786 2426 1106 2498 sputismatis
1133 2425 1464 2491 effunditur,

446 2507 603 2561 simul
632 2520 789 2579 atque
816 2504 989 2570 c'adit,
1027 2505 1262 2559 sicceseit
1290 2524 1304 2558 ε
1343 2506 1463 2578 qui·

443 2605 549 2658 que
569 2599 845 2640 versantur
864 2585 941 2639 ibi
960 2585 1345 2650 ministrantes,
1367 2585 1465 2638 etsi

442 2665 605 2719 nudis
634 2665 859 2737 pedibus
906 2665 1136 2731 fuerint,
1170 2681 1285 2718 non
1326 2663 1462 2717 reci-

443 2743 601 2814 piunt
644 2746 811 2814 frigus
845 2746 913 2798 ab
962 2742 1223 2815 ejusmodi
1271 2761 1465 2814 genere

444 2823 750 2892 pavimenti.
782 2847 807 2870 a·
838 2821 1019 2876 Ηιιιι).

530 2919 583 2953 a.
610 2899 669 2953 Se·
710 2920 827 2952 vero
865 2913 969 2952 eote
996 2897 1273 2971 depolitum.
1299 2901 1463 2954 Plane

442 2979 787 3052 perpolitum.
838 2979 1025 3033 Festus
1078 2997 1093 3032 ε
1148 2979 1426 3050 Depole'tum
1446 3020 1463 3048 ,

439 3061 701 3129 puseo-mm
716 3097 733 3123 ,
768 3071 871 3112 etc.
890 3057 1195 3118 H.·-,·Brot.
1218 3077 1281 3112 ex
1310 3059 1461 3114 MSS.

446 3151 501 3192 et
530 3137 617 3192 ed.
640 3137 814 3208 princ.
826 3139 1049 3209 politum.
1076 3139 1180 3194 En.

522 3218 725 3272 LXIV.
750 3235 775 3269 1
788 3255 801 3268 .
828 3219 1123 3270 Lithostmta
1147 3231 1461 3290 acceptaret-e.

444 3297 534 3352 Sic
560 3299 688 3351 libb.
716 3297 875 3352 MSS.
896 3317 1005 3351 non
1034 3311 1303 3369 captant-e.
1326 3299 1463 3352 Sub·

442 3376 711 3448 intellige,
744 3377 1003 3444 Romani,
1023 3377 1133 3430 sive
1144 3377 1348 3436 latini,
1370 3397 1461 3432 seu

442 3459 625 3528 prisci.
652 3458 837 3510 Hann.

567 3537 815 3590 ..·E.tstat
859 3535 1225 3596 Pavimentum
1257 3535 1462 3590 scilieet

442 3557 745 3686 nodat-pom.
789 3615 857 3667 Η.
883 3595 969 3656 -ι
993 3615 1176 3669 Exstat
1201 3613 1467 3687 hodieque

1553 1556 1762 1628 scripsit
1791 1558 2207 1622 Bam-rimam,
2233 1558 2486 1612 Mmoae‘res
2515 1559 2574 1610 de

1553 1635 1760 1689 l'Acad.
1782 1636 1864 1688 des
1885 1637 2038 1688 Inscr-
2060 1649 2098 1690 t.
2124 1634 2282 1689 XXX
2299 1670 2315 1698 ,
2343 1655 2398 1708 p.
2428 1637 2534 1691 503
2554 1659 2566 1689 :

1552 1715 1620 1768 cf.
1639 1715 1794 1770 etism
1809 1715 2140 1772 Winckelm.
2157 1716 2460 1769 Monumenei
2469 1719 2570 1768 ine-

1551 1795 1662 1860 diet,
1685 1807 1724 1849 t.
1742 1795 1826 1858 H,
1861 1813 1918 1866 p.
1946 1813 2010 1849 αι
2024 1797 2076 1850 5.
2097 1795 2182 1848 Ex
2202 1797 2292 1850 Br.
2312 1796 2564 1849 nott.En.

1633 1875 1687 1929 3.
1719 1883 1730 1890 ”
1746 1875 1902 1927 Patra
1959 1875 2144 1928 deinde.
2188 1875 2308 1929 Hoc
2359 1888 2465 1939 est,
2508 1889 2570 1929 ut

1549 1954 1700 2024 prius
1757 1955 2086 2024 pavimenta,
2148 1955 2223 2023 ita
2274 1966 2456 2026 postea
2513 1968 2568 2008 et

1547 2049 1769 2084 camera
1822 2033 2082 2088 tessellato
2131 2051 2295 2104 opere
2354 2035 2566 2088 contexi

1545 2123 1734 2183 coeptae
1759 2123 1884 2166 sunt
1901 2130 1918 2164 ε
1967 2125 2018 2164 et
2048 2111 2264 2184 quidem
2295 2131 2360 2166 ex
2385 2113 2527 2167 vitro
2549 2153 2564 2178 ,

1547 2209 1642 2244 seu
1689 2189 1815 2243 vitri
1859 2192 2098 2262 partibus
2137 2190 2431 2264 quadratis,
2474 2207 2566 2246 aut

1543 2271 1796 2342 trigonis,
1825 2283 1917 2324 aut
1942 2272 2229 2343 hexagonis
2251 2293 2264 2322 :
2285 2289 2352 2325 ex
2374 2273 2568 2343 quibus

1545 2347 1819 2420 quoddam
1843 2351 1994 2420 qnasi
2015 2351 2350 2415 tessellatum,
2368 2369 2428 2403 ac
2447 2369 2566 2404 mu-

1543 2429 1716 2482 sivum
1732 2466 1749 2493 ,
1763 2429 1874 2481 sive
1895 2431 2206 2494 mosaicum,
2223 2449 2254 2482 e
2270 2429 2410 2483 vitro
2428 2449 2568 2502 opus

1547 2506 1726 2560 fiebat.
1767 2507 1966 2560 Glossae
2009 2509 2162 2563 MSS.
2197 2536 2221 2558 ι
2252 2510 2522 2563 Musivum
2545 2550 2559 2572 ,

1547 2583 1695 2654 quod
1731 2584 1792 2636 fit
1825 2585 1894 2638 de
1922 2588 2062 2641 vitro
2103 2590 2162 2642 in
2192 2590 2502 2661 parietibus.
2532 2615 2556 2638 ι.

1545 2663 1676 2716 ‘Vita
1703 2665 1866 2716 sancti
1897 2665 2170 2720 Laurentii
2213 2668 2317 2740 Ep.
2369 2669 2564 2740 Sipon-

1547 2742 1677 2807 tini,
1716 2761 1833 2813 esp.
1867 2761 1896 2794 ι
1933 2763 1948 2796 =
1983 2770 2007 2794 ι
2037 2746 2117 2798 Ex
2138 2748 2358 2800 minutis
2384 2749 2565 2805 vitreis

1543 2819 1843 2892 lapidibus,
1871 2830 1973 2878 ete.
2012 2849 2035 2871 ι
2075 2825 2360 2887 Paulinus,
2407 2829 2562 2898 epist.

1551 2919 1618 2954 n
1642 2919 1656 2954 ε
1684 2926 1707 2949 ι
1729 2903 1950 2955 Camers
1983 2903 2192 2956 musivo
2230 2904 2401 2957 illusa.
2428 2931 2452 2953 ι»
2478 2907 2565 2960 Ex

1545 2981 1728 3034 Leone
1750 2979 2011 3048 Ostiensi,
2047 2983 2146 3036 lib.
2167 2983 2286 3048 111,
2321 3002 2438 3055 cap.
2467 3003 2563 3056 27,

1547 3060 1860 3131 intelligitur
1897 3062 2094 3115 musivi
2130 3064 2322 3134 operis·
2338 3065 2566 3120 artifices

1543 3139 1834 3212 appellatos
1853 3181 1870 3204 ,
1927 3167 1951 3190 ι
1979 3143 2077 3212 qui
2111 3141 2318 3196 absidas
2338 3158 2390 3197 et
2413 3163 2566 3198 arcus

1545 3219 1756 3272 musivo
1768 3235 2148 3291 componerent
2166 3239 2182 3275 ε
2204 3222 2565 3294 quadratarios

1541 3317 1704 3359 vero,
1749 3299 1840 3370 qui
1889 3301 2253 3370 pavimentum
2293 3301 2563 3374 lapideum

1543 3378 1729 3450 pulcra
1779 3379 2030 3434 varietate
2076 3393 2484 3435 consternet-ent.
2533 3405 2556 3427 ι

1545 3458 1706 3511 Plura
1726 3456 1795 3511 de
1810 3459 1916 3512 hoc
1935 3473 2250 3532 argumento
2263 3460 2332 3513 V.
2352 3460 2433 3512 Cl.
2457 3461 2568 3512 Du-

1548 3539 1780 3608 Cangins
1841 3539 2099 3611 congessit
2141 3541 2199 3593 in
2251 3538 2521 3592 Glossario
2547 3577 2564 3605 ,

1546 3619 1712 3670 verbo
1732 3618 1969 3673 Musivum
1986 3639 2104 3689 opus
2116 3656 2133 3683 ,
2161 3615 2308 3670 unde
2323 3618 2440 3670 haec
2455 3618 2565 3670 fere

444 3695 713 3766 egregium
748 3692 883 3748 illud
923 3695 1231 3761 musivum,
1276 3697 1327 3746 la
1365 3715 1461 3747 mo-
1550 3685 1918 3761 delibavimuss
1981 3697 2276 3750 Parmensis
2335 3695 2501 3749 editio
2547 3718 2560 3747 :

445 3779 613 3844 nique
634 3775 693 3827 de
712 3774 1018 3842 Palem-ine,
1056 3791 1117 3828 ea
1144 3786 1257 3828 arte
1284 3775 1461 3828 elabo-
1559 3778 1784 3830 «Pulsa
1827 3775 2024 3830 deinde
2067 3816 2111 3829 ..
2133 3815 2146 3828 .
2165 3811 2182 3827 .
2227 3775 2284 3828 in
2335 3794 2568 3830 cameras

444 3864 648 3918 ratum,
678 3867 741 3908 ut
766 3813 1181 3926 adspicientibus
1205 3853 1363 3908 etiam
1382 3855 1469 3924 pi·
1555 3858 1836 3919 transiere,
1863 3870 1923 3909 ut
1959 3873 2188 3927 pronum
2229 3855 2420 3908 vitium
2457 3873 2472 3908 :
2513 3869 2568 3909 et

446 3932 688 3986 ctoribus
758 3931 1163 3988 admirationem
1238 3946 1463 3987 movent.
1556 3935 1688 3990 hoe
1673 3947 1948 3989 inventum
1961 3935 2239 4005 Agrippa.
2227 3925 2418 4001 Peme,
2423 3946 2558 3989 etc.-

446 4009 873 4067 Eruditissimam
888 4011 1469 4068 deeodissertatiouem
1559 4016 1773 4086 penitus
1821 4013 2183 4087 adspernanda
2219 4015 2466 4114 lectione.
2495 4014 2564 4068 Η.
