2975 4684
358 565 384 600 1

981 410 1058 478 G.
1109 407 1446 479 PLINII
1497 408 1717 477 NAT.
1772 406 2015 476 HIST.

533 541 789 612 XXIX.
822 540 1324 637 Chrysocollam
1341 539 1359 564 ¹
1390 554 1460 610 et
1487 538 1791 609 aurifices
1818 539 1941 608 sihi
1981 537 2321 610 vindicant
2348 540 2569 638 agglu-

427 649 704 718 tinando
733 672 930 717 auro·
961 662 1029 718 et
1063 647 1218 718 inde
1255 671 1486 718 omnes
1515 643 1948 742 appellatam²
1974 644 2271 715 similiter
2306 662 2567 719 utentes

427 754 678 825 dicunt.
733 756 1169 850 Temperatur
1209 768 1432 824 autem
1470 776 1549 822 ea
1588 754 1839 847 Cypria
1881 753 2209 847 aerugine‚
2262 768 2331 823 et
2378 759 2567 850 pueri

428 860 720 980 impubis
755 861 981 945 urina,
1016 860 1242 930 addito
1283 861 1478 929 nitro.
1522 861 1789 928 Teritur
1825 859 2075 953 Cyprio
2114 845 2289 928 aere³
2338 861 2405 929 in
2448 865 2569 956 Cy·

427 969 589 1063 priis
616 968 992 1036 mortariis:
1015 982 1393 1037 santernam
1426 979 1671 1035 vocant
1697 967 1923 1034 nostri.
1962 967 2065 1032 Ita
2093 963 2567 1037 ferruminatur

429 1098 691 1161 aurum,
708 1072 887 1168 quod
907 1059 1368 1168 argentosum⁴
1389 1085 1670 1202 voscant:
1694 1073 2089 1165 signumque
2116 1086 2239 1159 est,
2264 1073 2315 1142 si
2346 1072 2567 1142 addita

429 407 522 494 84

433 1193 744 1249 santerna
779 1179 1058 1249 nitescit.
1097 1183 1155 1248 E
1195 1179 1382 1248 dive1
1383 1163 1491 1248 so⁵
1528 1201 1811 1248 aerosum
1846 1177 2179 1246 contrahit
2218 1203 2318 1266 se,
2361 1179 2566 1248 hebe-

432 1299 780 1380 taturque,
807 1301 876 1356 et
904 1283 1260 1356 difficulter
1302 1284 1797 1354 ferruminatur.
1833 1282 1936 1351 Ad
1976 1282 2044 1350 id
2082 1282 2409 1414 glutinum
2452 1284 2563 1372 fit,

432 1416 599 1460 auro
635 1405 704 1460 et
737 1392 1016 1486 septima
1046 1406 1234 1489 parte
1261 1392 1520 1486 argenti
1546 1389 1633 1460 ad
1664 1387 2045 1485 supradicta
2078 1375 2349 1460 additis⁶
2353 1413 2566 1480 ‚una-

432 1521 563 1592 que
587 1499 907 1569 contritis.

543 1606 763 1673 XXX.
829 1606 1113 1675 Contexi
1159 1630 1282 1700 par
1321 1619 1422 1674 est
1449 1602 1709 1698 reliqua
1734 1604 1912 1674 circa
1941 1603 2109 1685 hoc,
2150 1617 2227 1673 ut
2260 1605 2568 1674 universa

433 1723 693 1780 naturae
733 1711 1080 1806 contingat
1104 1709 1474 1780 admira-tio.
1508 1707 1707 1779 Auri'
1755 1708 2082 1804 glutinum
2121 1725 2222 1780 est
2262 1709 2413 1780 tale.
2455 1714 2569 1782 Ar-

509 1907 716 1962 XXIX.
727 1926 779 1963 r.
801 1907 1220 1979 chrysocollam&
1239 1905 1457 1978 aur-ficas
1546 1923 1780 1960 omnem
1788 1907 2002 1960 naxisse
2040 1925 2238 1962 nomen
2268 1907 2483 1963 videri
2467 1911 2567 1976 iis,

433 1988 527 2041 siba·
555 1986 828 2046 vindicant,
859 1999 964 2040 etc.
993 1988 1234 2042 Alterum
1257 1987 1360 2040 hoc
1381 1999 1460 2039 est

433 2067 782 2138 chrysocolla
823 2085 988 2138 genus
1009 2106 1026 2132 ,
1074 2085 1270 2136 nempe
1323 2065 1460 2118 ficti-

437 2147 596 2202 tium.
646 2145 896 2201 Creditur
937 2147 1051 2200 hnc
1098 2146 1259 2216 vulgo
1308 2145 1462 2197 boma:

434 2225 776 2281 officinarum
824 2247 839 2280 x
899 2226 1048 2280 falso.
1100 2224 1258 2278 Caret
1316 2224 1460 2278 enim

435 2303 579 2360 istud
617 2308 883 2378 aurugine,
921 2324 1084 2378 quam
1127 2305 1458 2376 chrysocolla

438 2387 700 2440 Veterum
725 2385 962 2458 requirit.
988 2385 1227 2438 Dioscor.
1235 2386 1308 2450 V,
1340 2401 1455 2454 92:

435 2455 561 2522 fleri
591 2463 654 2520 δέ
683 2487 755 2528 τις
787 2467 872 2521 καὶ
909 2467 1005 2519 ὑπὸ
1045 2472 1143 2518 τῶν
1182 2466 1459 2536 χρυσοχόων

435 2548 690 2616 γίνομινος
727 2547 795 2606 ἰὸς
823 2542 915 2599 διὰ
949 2545 1080 2608 Ouiae
1111 2545 1195 2599 ml
1231 2541 1460 2608 sewum<

436 2625 654 2723 Κυπμου
676 2631 880 2724 za‘lxcfi,
899 2627 973 2678 {ri
995 2621 1056 2678 δι
1081 2627 1214 2697 οὔρου
1237 2621 1462 2690 παιδίου,

439 2696 478 2770 ᾧ
522 2705 580 2757 τὸ
611 2705 804 2776 χρυσίον
849 2713 1100 2760 κολλῶσι.
1139 2705 1268 2759 *Fit
1305 2717 1357 2758 et
1392 2705 1460 2758 ab

437 2783 751 2838 aurificibus
783 2801 962 2854 erugo
983 2783 1228 2857 quedam
1247 2797 1351 2856 qua
1371 2802 1464 2836 au-

437 2881 560 2916 rum
612 2863 991 2926 ferruminant,
1049 2863 1208 2918 ducta
1261 2863 1460 2917 scilicet

441 2943 594 2996 urina
628 2945 780 3013 pueri
806 2943 1098 3014 impuberis
1121 2944 1176 2996 in
1203 2944 1458 2995 mortario

439 3039 641 3093 cupreo
662 3022 844 3093 pistilli
873 3041 978 3093 ope
1005 3041 1067 3075 ex
1087 3020 1268 3075 eadem
1295 3033 1458 3074 mate·

438 3101 518 3154 ria
549 3101 793 3156 confecti.
819 3128 842 3150 n
885 3102 1011 3155 Haec
1045 3101 1206 3155 Plinii
1245 3101 1462 3172 chryso-

441 3180 580 3233 colla
608 3194 702 3235 est.
747 3181 965 3235 Nitrum
1002 3199 1100 3234 nee
1125 3179 1462 3235 Dioscorides

441 3258 622 3326 addit,
667 3278 769 3315 nec
812 3260 1082 3316 Galenus:
1124 3259 1216 3314 sed
1261 3261 1461 3314 Plinia-

441 3358 568 3393 nam
616 3351 912 3394 santernam
951 3340 1094 3394 nitro
1143 3338 1326 3394 addito
1365 3359 1463 3411 po-

443 3421 634 3474 tiorem
657 3438 769 3473 esse
805 3423 890 3472 vel
923 3439 988 3473 eo
1010 3421 1256 3485 nomine,
1293 3421 1465 3474 Pallo-

441 3500 562 3574 pius
587 3499 978 3564 animadvertit,
987 3501 1062 3564 V,
1086 3501 1178 3552 31.
1195 3459 1377 3554 ἐμω.
1383 3529 1464 3542 —-·

441 3581 821 3652 Agglueae‘nando
865 3599 1002 3632 auro.
1053 3579 1197 3631 Loco
1249 3581 1464 3652 chryso·

443 3662 596 3716 eollae
617 3639 1018 3714 fen-ruminando
1041 3677 1173 3712 auro
1197 3677 1341 3711 nunc
1366 3657 1461 3712 ad-

441 3741 658 3795 hibetur
685 3739 867 3802 bor-ax,
902 3752 954 3792 et
977 3739 1274 3810 priscorum
1303 3739 1460 3811 chry·

441 3821 639 3874 socolla
666 3821 854 3874 melius
874 3819 1183 3892 agglutinat.
1209 3819 1378 3874 Bao-r.

529 3919 582 3953 a.
600 3901 682 3954 Et
702 3900 816 3952 inde
835 3919 992 3952 omnes
1019 3898 1309 3970 appellatam
1325 3937 1342 3963 ,
1357 3909 1458 3951 etc.

445 3977 662 4032 Mallem
685 3999 867 4032 omnem
902 3979 1024 4050 legi.
1061 3979 1136 4031 Ut
1159 3977 1229 4031 sit
1253 3990 1464 4032 senten-

435 4057 532 4122 tia,
591 4058 658 4112 ab
709 4076 774 4111 eo
823 4059 1020 4114 effectu
1075 4059 1458 4130 chrysocollam

1547 1984 1642 2057 qui
1664 1985 1927 2039 similem'
1911 2005 1967 2038 m
1994 2003 2152 2039 usum
2176 1988 2322 2041 omni
2346 1989 2568 2058 clu-yso-

1544 2065 1679 2118 colla
1704 2077 1948 2118 utnntur.
1974 2065 2157 2118 Hui).
2186 2097 2265 2109 —
2292 2068 2414 2137 cyp.
2441 2089 2568 2120 ωηι-

1542 2165 1674 2215 gene.
1700 2145 1886 2215 Cypria
1912 2163 2098 2213 avt-ugo,
2127 2146 2285 2198 nobis
2299 2183 2315 2208 ,
2338 2148 2481 2199 oxide
2506 2148 2568 2199 de

1546 2229 1734 2287 cuivoe3
1769 2226 1929 2295 vulgo
1944 2262 1961 2289 ,
1982 2225 2151 2276 ver-det
2164 2264 2181 2290 ,
2206 2225 2530 2298 vert-de-gris
2544 2248 2564 2280 .-

1547 2302 1615 2358 de
1658 2323 1720 2358 ea
1762 2303 1896 2358 alias
1935 2321 2167 2375 agemus.
2208 2305 2441 2359 Galenus
2484 2307 2566 2358 ni-

1546 2395 1690 2437 trum
1704 2423 1722 2450 ,
1740 2383 1903 2456 ¹vulgo
1935 2396 2111 2436 nate-on
2138 2383 2568 2442 fieus-mrbonate

1546 2464 1607 2516 de
1641 2463 1814 2521 wude)
1860 2464 2059 2516 omittit
2089 2487 2101 2515 :
2137 2478 2319 2519 monet
2359 2478 2564 2520 tantum

1546 2556 1851 2598 santernam
1876 2545 2059 2596 oestivo
2091 2557 2334 2615 tempore
2358 2563 2565 2617 prapa-

1544 2623 1678 2686 mri,
1726 2622 1934 2676 urinam
1974 2623 2031 2676 in
2070 2624 2324 2678 mortario
2362 2624 2565 2697 Cyprio

1544 2723 1645 2775 per
1689 2702 1869 2775 plures
1926 2699 2039 2755 dies
2086 2702 2305 2756 terendo
2328 2742 2341 2762 .
2392 2704 2568 2760 donec

1547 2782 1717 2836 mellis
1738 2781 2023 2835 crassitiem
2044 2782 2233 2854 adepta
2254 2783 2339 2838 sit.
2362 2786 2568 2850 Samer-

1544 2863 1689 2916 nain
1710 2862 2007 2934 aeruginum
2036 2881 2262 2917 numero
2290 2865 2568 2936 reponitur

1544 2960 1574 2995 a
1597 2943 1776 2996 Diosc.
1794 2942 1897 2995 loc.
1920 2961 2039 3014 sup.
2064 2941 2209 2998 laud.
2224 2943 2327 2996 En.

1628 3025 1681 3077 3.
1698 3022 1878 3095 Cyprio
1896 3043 2005 3076 oere.
2026 3022 2115 3076 Sic
2137 3025 2265 3092 Reg.
2292 3043 2352 3088 π,
2374 3037 2425 3078 et
2441 3024 2562 3080 alii:

1545 3121 1655 3154 non
1674 3141 1689 3168 ,
1721 3103 1903 3174 Cyprio
1938 3105 1988 3154 in
2032 3121 2143 3156 oerae.
2186 3103 2449 3157 pistillum
2494 3125 2557 3160 ex

1546 3182 1754 3254 Cyprio
1786 3200 1887 3234 aire
1913 3180 2175 3252 intelligit.
2195 3181 2379 3237 Hsnn.

1630 3268 1684 3325 4.
1706 3260 1855 3330 Quod
1868 3273 2189 3330 argentosum,
2209 3275 2308 3316 etc.
2334 3269 2566 3336 Argento

1551 3340 1796 3394 mixtum.
1841 3339 1927 3392 sic
1974 3357 2355 3396 marmorosum
2396 3345 2564 3402 infra.

1551 3439 1666 3492 cap.
1709 3420 1800 3473 56.
1830 3423 2109 3487 Emeum,
2135 3421 2397 3489 XXXIV,
2429 3443 2484 3488 s,
2514 3438 2570 3478 et

1552 3519 1674 3553 mox
1692 3500 1797 3552 hoc
1823 3499 1939 3569 ipso
1960 3500 2098 3555 loco.
2126 3502 2310 3557 Hsnn.

1633 3580 1686 3634 5.
1722 3581 1774 3632 Ε
1806 3581 2008 3632 diverso.
2032 3579 2340 3636 Admixtum
2366 3583 2475 3636 oeri.
2494 3582 2565 3635 H.

1630 3661 1685 3714 6.
1711 3661 1805 3712 Ad
1816 3659 2092 3730 supradicta
2104 3661 2303 3714 additis.
2326 3661 2415 3714 Ad
2431 3679 2565 3714 oru-

1548 3739 1726 3811 ginem
1750 3740 1987 3812 cypriam
2008 3779 2025 3804 ,
2065 3740 2383 3810 urinamque
2412 3741 2567 3810 pueri

1549 3820 1807 3891 impubis,
1838 3817 2040 3890 adjecto
2064 3819 2209 3872 nitro
2227 3858 2243 3885 ‚
2276 3831 2333 3872 ut
2362 3816 2565 3873 dictum

1549 3911 1630 3953 est
1652 3899 1807 3953 initio
1834 3918 1950 3970 cap.
1978 3897 2155 3952 lium.

1626 3979 1803 4032 XXX.
1841 3997 1889 4030 1.
1931 3978 2075 4031 Auri.
2102 3976 2280 4043 Quale
2306 3977 2563 4034 nimirum

1549 4057 1753 4114 dictum
1789 4072 1866 4112 est
1906 4076 2023 4130 sup.
2056 4077 2109 4128 7.
2146 4049 2224 4112 'At
2258 4058 2457 4116 ferrum
2484 4079 2569 4116 ar·
2662 4093 2665 4101 ·
