2975 4684
1063 401 1383 471 LIBER
1429 402 1804 473 XXXIV.

2371 402 2504 499 169

373 535 795 629 Euphranor.
833 534 1205 604 Centesima
1258 534 1579 629 septima,
1634 535 1940 621 Echion,
2000 533 2498 603 Therimachus.

376 642 749 711 Centesima
772 638 1293 734 quartadecima,
1312 639 1676 734 Lysippus'
1683 626 1879 721 ³fuit..
1909 664 2112 734 quum
2135 653 2203 708 et
2229 639 2503 709 Alexan-

374 746 497 817 der
534 750 842 841 Magnus.
886 749 1055 815 Item
1090 748 1492 842 Lysistratus

1509 733 1580 830 ¹⁴,
1631 760 1698 815 et
1756 746 1958 815 frater
1997 747 2138 838 ejus
2195 744 2500 831 Sthenis‚
2539 764 2572 816 3

378 852 880 946 EuphronideS,
914 854 1275 937 Sostratus,
1312 855 1472 939 Ion,
1519 852 1857 923 Silanion:
1899 854 1968 921 in
1997 851 2128 921 hoc
2167 851 2503 936 mirabile,

379 958 558 1053 quod
599 957 781 1027 nullo
826 958 1099 1027 doctore
1150 958 1387 1027 'nobilis
1429 958 1613 1028 fuit
1595 984 1752 1054 ipse.
1793 942 2234 1085 Discipulos¹⁵
2272 958 2508 1026 habuit

382 1065 653 1133 Zeuxim
671 1065 997 1135 etladem.
1014 1066 1385 1135 Centesima
1405 1066 1715 1133 vicesima
1730 1048 2228 1157 ‚Eutychides¹⁶
2232 1064 2508 1157 ‚-Euthy

390 1185 638 1253 crates,
678 1170 1070 1265 DahippuS,
1118 1169 1676 1264 Cephissodotus,
1722 1168 2148 1255 Timarchus,
2197 1170 2508 1261 Pyroma·

390 1275 573 1347 chus.
596 1278 895 1347 Cessavit
921 1276 1161 1346 deinde
1201 1300 1307 1345 ars
1324 1329 1342 1361 ,
1374 1300 1451 1345 ac
1478 1300 1707 1345 rursus
1732 1274 2127 1368 Olympiade
2161 1275 2516 1343 centesima

396 1383 937 1477 quinquagesima
972 1383 1201 1475 quinta
1245 1382 1522 1466 revixit,
1565 1405 1772 1473 quum
1809 1380 1998 1449 fuere
2023 1378 2220 1472 longe
2249 1377 2515 1472 quidem

383 1580 451 1634 tis
471 1578 698 1632 maxime
726 1579 913 1651 peritis
929 1616 945 1642 ,
968 1594 996 1629 a
1024 1578 1286 1641 Martiale,
1307 1577 1411 1641 lv,

386 1676 473 1729 ep.
503 1676 669 1711 xxxix
695 1676 709 1711 ε
754 1678 775 1700 ·
794 1656 1011 1727 Argenti
1050 1672 1216 1728 genus
1249 1673 1411 1709 omne

388 1737 739 1808 comparasti,
778 1737 845 1788 Et
884 1737 1025 1788 solus
1056 1748 1256 1788 veteres
1290 1736 1412 1805 My-

389 1816 543 1872 ronis
576 1828 744 1879 artes,
788 1816 943 1869 Solus
980 1814 1256 1867 Praxitelis
1304 1833 1411 1869 ma·

388 1914 523 1960 nus,
570 1896 891 1966 Scopaeque,
922 1894 1075 1947 Solus
1107 1894 1411 1947 Mentoreos

388 1974 553 2029 habes
595 1975 825 2033 labores,
866 1987 967 2028 etc.
1002 2000 1027 2021 ι
1057 1974 1140 2025 De
1164 1974 1410 2044 Euphra·

389 2073 521 2108 nore
544 2054 789 2117 inferius,
818 2054 1047 2118 XXXV,
1079 2059 1168 2117 4ο.
1199 2052 1409 2105 Lauda-

391 2151 479 2190 tur
513 2153 543 2187 a
570 2133 847 2191 Pausania,
880 2134 935 2197 1,
958 2152 1079 2205 pag.
1106 2136 1159 2185 6.
1180 2121 1335 2201 lizinio
1358 2144 1411 2185 et

392 2214 691 2283 Θηρίμαχος,
711 2211 889 2265 adhuc
916 2212 1147 2266 obscuri.
1176 2208 1290 2265 Nisi
1310 2230 1412 2282 pro

392 2294 584 2345 Echion
602 2332 617 2358 ,
650 2312 713 2346 ex
732 2292 1013 2357 Vitruvio,
1041 2292 1095 2343 in
1122 2290 1278 2345 Praef.
1299 2292 1381 2343 111
1396 2332 1411 2356 ,

392 2390 511 2445 pag.
544 2370 637 2442 37,
666 2372 821 2425 Clu'on
848 2372 1009 2444 legas,
1031 2390 1191 2442 quem
1223 2370 1413 2425 Corin·

395 2452 567 2504 thium
595 2452 668 2504 ait
697 2452 855 2504 fuisse
884 2470 897 2505 ε
939 2464 991 2504 et
1015 2448 1151 2504 iuter
1169 2451 1417 2529 antiquos

396 2529 673 2585 statuarios
712 2532 769 2583 in
798 2530 979 2602 paucis
1014 2544 1124 2583 arte
1157 2530 1414 2583 nobilem.

397 2608 501 2664 Sed
548 2610 738 2675 iidem,
788 2610 995 2663 Echion
1045 2622 1097 2663 et
1135 2609 1416 2663 Therima-

398 2690 567 2751 chus,
608 2690 803 2742 iterum
847 2689 1134 2742 laudantur
1166 2688 1419 2753 inferius,

398 2768 634 2828 XXXV,
663 2771 754 2822 36.
779 2766 963 2823 Hum.

489 2848 577 2899 13.
605 2846 859 2917 Lysippus.
880 2846 1166 2916 Sicyonius
1190 2846 1309 2900 fuit.
1339 2847 1420 2901 De

404 2946 469 2979 eo
521 2944 619 2977 nos
668 2925 795 2977 alibi
849 2923 1283 2989 diximus,vl1,
1325 2925 1419 2981 38.

404 3004 687 3062 Pausanias
749 3021 876 3056 vero
929 3004 986 3057 in
1050 3002 1293 3059 Corinth.
1341 3006 1423 3070 11,

402 3104 461 3155 p.
490 3102 633 3151 ¹0²3
668 3082 867 3136 Plinius
890 3083 1045 3137 infra
1078 3084 1145 3136 H.
1164 3116 1239 3125 —
1264 3086 1423 3154 Quum

403 3176 453 3216 et
474 3164 760 3217 Alexander
784 3164 1017 3234 Magnus.
1044 3164 1214 3217 Gron.
1257 3176 1308 3217 et
1332 3163 1421 3217 Al.

402 3256 529 3297 ante
564 3242 731 3297 Hard.
768 3254 815 3295 et
850 3264 955 3297 cum
984 3265 1043 3297 eo
1070 3244 1219 3297 Ales.
1246 3244 1425 3313 Magn.

400 3326 485 3377 De
522 3323 763 3395 Lysippo
795 3334 849 3377 et
886 3323 1190 3377 Alexandro
1229 3304 1426 3395 Magno

402 3404 547 3459 conf.
592 3404 809 3457 Excurs.
862 3406 889 3457 1
934 3402 1001 3456 ad
1032 3404 1227 3457 calcem
1264 3402 1427 3475 hujus

402 3484 548 3537 libri.
574 3482 681 3537 En.

492 3570 580 3629 ¹4·
622 3564 743 3616 Item
788 3562 1097 3634 Lysistratus.
1138 3562 1263 3631 Ipse
1307 3562 1428 3632 qui-

406 3640 525 3695 dem
564 3662 591 3695 a
626 3642 829 3695 caeteris
868 3640 1211 3711 scriptoribus
1252 3641 1431 3711 negle-

407 3734 546 3775 ctus:
569 3740 735 3794 quum
760 3722 873 3792 ejus
896 3720 1055 3773 frater
1077 3721 1235 3781 Σθένις
1258 3720 1430 3793 Olyn-

409 3802 550 3855 thius
584 3815 706 3855 ortu
748 3798 997 3853 laudetur
1028 3818 1056 3852 a
1084 3798 1339 3852 Pausania
1369 3799 1427 3851 in

410 3880 573 3933 Eliac.
591 3880 823 3951 post.VI‚
846 3899 900 3952 p.
929 3880 1059 3949 374.
1084 3878 1165 3931 De
1182 3878 1431 3951 Euphro-

410 3958 536 4011 nide
581 3961 716 4013 nihil
763 3972 953 4013 exstat.
1002 3958 1262 4029 Σώςρατος
1307 3963 1430 4021 Χῖος

417 4040 721 4105 statuarius,
748 4038 893 4111 apud
921 4040 1141 4091 Pausan.
1167 4037 1269 4093 loc.
1292 4038 1433 4093 citat.

1496 1594 1553 1647 p.
1579 1576 1708 1628 360.
1736 1564 1826 1629 Ῐων
1855 1576 2054 1629 caeteris
2085 1574 2334 1630 indictus.
2369 1581 2512 1629 Σιλαρ

1497 1655 1606 1707 vim
1632 1654 1966 1708 Atheniensis
1996 1654 2124 1718 fuit,
2166 1668 2294 1709 teste
2323 1652 2514 1709 eodem

1499 1734 1772 1797 Pausania,
1803 1735 1838 1787 l.
1869 1754 1916 1787 c.
1945 1752 2000 1804 p.
2029 1734 2154 1788 350.
2174 1732 2445 1787 Laudatur
2464 1747 2519 1789 et

1497 1832 1526 1867 a
1553 1813 1803 1874 Tatian0,
1860 1813 2012 1867 Orat.
2038 1828 2227 1867 contra
2272 1814 2518 1879 Graecos,

1497 1911 1615 1963 pag.
1649 1894 1756 1947 182
1777 1931 1793 1959 ,
1838 1905 1891 1946 et
1920 1912 1948 1945 a
1967 1892 2259 1946 Themistio
2282 1894 2430 1947 Orat.
2463 1893 2521 1959 5,

1496 1991 1614 2045 pag.
1655 1976 1742 2035 615.
1787 1973 2054 2043 Praecepta
2090 1974 2519 2043 symmetriarum

1499 2051 1870 2121 conscripsisse
1910 2050 2128 2114 dicitur,
2173 2066 2389 2107 auctore
2421 2052 2521 2105 Vi-

1499 2131 1677 2183 truvio
1707 2130 1762 2183 in
1792 2131 1944 2185 Praef.
1965 2133 2104 2197 vll,
2147 2151 2201 2203 p.
2242 2136 2370 2187 125.
2396 2132 2462 2185 H.

1585 2208 1673 2264 15.
1708 2210 2002 2282 Discipulos.
2036 2213 2162 2282 Reg.
2195 2232 2248 2276 a,
2284 2225 2336 2265 et
2363 2211 2520 2265 colb.

1505 2290 1536 2343 3
1565 2311 1578 2342 z
1616 2315 1638 2336 ι
1663 2290 1784 2359 Ipse
1820 2290 2144 2363 discipulum
2173 2291 2361 2343 hahuit
2385 2292 2524 2345 Zeu-

1499 2368 1734 2421 xiadem.
1757 2395 1780 2417 1·
1817 2368 1997 2423 Hinn.

1588 2467 1608 2501 ι
1625 2452 1677 2501 6.
1726 2448 2036 2521 Eutychides.
2086 2445 2360 2518 Εὐτυχίδης
2378 2488 2395 2516 ,
2457 2448 2527 2505 de

1503 2545 1613 2597 quo
1642 2528 1898 2593 inferius,
1921 2530 2188 2593 XXXVI,
2236 2536 2267 2593 4
2285 2570 2306 2597 ,
2335 2542 2388 2583 et
2419 2530 2527 2583 hoe

1504 2606 1620 2676 ipso
1650 2607 1818 2677 capite
1847 2609 1971 2661 infr.
2009 2610 2313 2681 Εὐθυκράτης
2349 2608 2531 2664 lauda·

1505 2698 1595 2739 tur
1621 2704 1648 2737 a
1676 2686 1898 2739 Tatiano
1915 2726 1930 2751 ,
1961 2686 2058 2741 Or.
2091 2701 2271 2743 contra
2291 2690 2528 2752 Graeoos,

1506 2783 1560 2836 p.
1600 2768 1726 2820 182.
1756 2766 2034 2838 Dahippus
2055 2757 2074 2836 (
2095 2768 2170 2820 sic
2197 2770 2342 2821 enim
2371 2769 2530 2823 resti-

1509 2845 1743 2905 tuimus.
1764 2864 1864 2915 pro
1893 2846 2164 2917 Lahippus‚
2195 2866 2256 2899 ex
2285 2848 2400 2918 ipso
2424 2848 2531 2905 Pli-

1507 2926 1600 2977 nio
1624 2925 1789 2995 paulo
1811 2924 2058 2989 inferius,
2088 2928 2178 2980 ubi
2207 2945 2342 2997 quos
2371 2926 2532 2981 modo

1509 3023 1572 3057 ex
1604 3016 1906 3075 temporum
1942 3007 2164 3071 ratione,
2191 3006 2266 3057 ibi
2298 3025 2364 3059 ex
2397 3006 2530 3061 serie

1512 3082 1784 3155 alphabeti
1812 3082 2114 3155 appellat),
2138 3086 2364 3148 Δάϊππος
2397 3088 2534 3159 pari-

1511 3176 1594 3217 ter
1639 3164 1914 3217 Pausaniae
1967 3166 2021 3217 in
2068 3166 2233 3219 Eliac.
2276 3180 2412 3237 post.
2428 3166 2532 3230 Vl,

1511 3261 1628 3315 pag.
1672 3242 1786 3297 366
1834 3255 1887 3296 et
1925 3243 2072 3314 374,
2101 3245 2196 3299 ubi
2224 3248 2338 3316 ejus
2373 3264 2538 3318 opera

1515 3334 1910 3376 enumerantur.
1941 3324 2179 3395 Uterque
2214 3326 2438 3399 Lysippi
2471 3324 2538 3377 fi-

1512 3400 1646 3462 lius,
1673 3413 1732 3453 ut
1754 3399 1962 3456 dicetur
1983 3404 2224 3459 inferius.
2253 3400 2536 3475 Κηφισόδο-

1514 3500 1598 3541 τος
1621 3481 1752 3533 alter
1793 3500 1822 3534 a
1847 3484 2125 3553 superiore
2143 3524 2157 3550 ,
2185 3485 2382 3556 pariter
2411 3500 2537 3537 cum

1513 3560 1608 3613 illo
1637 3558 1878 3615 laudatus
1907 3582 1935 3615 a
1969 3564 2196 3617 Tatiano
2228 3564 2326 3616 Or.
2354 3574 2538 3615 contra

1515 3640 1760 3703 Graecos,
1795 3659 1844 3711 p.
1872 3644 1998 3696 182.
2028 3644 2372 3703 Timarchus,
2405 3639 2542 3693 sorte

1519 3716 1826 3789 Τιμαρχίδης
1868 3722 2296 3792 ἀγαλματοποιὸς,
2336 3712 2542 3789 defquo

1518 3800 1798 3853 Pausanias
1825 3800 1878 3853 in
1903 3800 2068 3854 Phoc.
2098 3800 2178 3863 X,
2207 3818 2262 3869 p.
2296 3800 2428 3866 678.
2461 3798 2544 3853 De

1519 3878 1853 3949 Pyromacho
1873 3879 2065 3932 iterum
2087 3876 2288 3929 Plinius
2302 3876 2545 3933 inferius.

1522 3958 1957 4028 H.·-—Daln‘p,·ms.
1976 3958 2128 4009 Brot.
2149 3974 2209 4009 ex
2235 3958 2395 4029 Regg.
2417 3978 2469 4026 a,
2493 3958 2548 4029 3,

1525 4050 1576 4091 et
1609 4034 1693 4089 ed.
1727 4038 1902 4107 princ.
1933 4036 2194 4103 Lahippus.
2226 4036 2327 4092 En.
