2975 4684
729 408 839 512 C.
914 408 1389 513 PLINII
1456 408 2131 515 SECUNDI

370 634 1461 786 NATURALIS
1535 664 2474 790 HISTORIAE

951 927 1331 1015 LIBER
1403 925 1892 1013 XXXVI.

366 1366 419 1430 I.
450 1354 563 1454 (ι.)
604 1321 997 1445 LAPmUM
1030 1376 1519 1449 naturarestat,
1541 1364 1670 1431 hoc
1693 1378 1826 1449 est,
1856 1364 2188 1457 praecipua
2213 1391 2476 1437 morum
2521 1405 2540 1437 1

366 1470 645 1553 insania3
691 1471 886 1537 etiam
926 1482 1003 1535 ut
1046 1492 1320 1561 gemmae
1366 1493 1519 1537 cum
1563 1470 1840 1537 succinis
1869 1522 1886 1553 ,
1926 1483 2122 1562 atque
2164 1473 2478 1565 crystalli-

322 1660 329 1665 ·
366 1572 526 1659 nis¹‚
579 1573 1063 1667 murrhinisque
1100 1571 1429 1669 sileantur.
1459 1575 1702 1643 Omnia
1743 1597 2062 1667 namque,
2097 1600 2242 1669 quae
2277 1603 2482 1672 usque

366 1677 451 1745 ad
483 1678 615 1747 hoe
653 1676 963 1746 volumen
1008 1676 1466 1764 tractavimus,
1505 1679 1848 1748 hominum
1888 1704 2083 1749 causa
2125 1684 2343 1773 genita
2379 1687 2480 1753 vi-

364 1782 505 1850 deri
543 1798 837 1877 possunt.
866 1786 1133 1853 Montes
1160 1798 1393 1852 natura
1427 1784 1548 1852 sibi
1579 1785 1825 1853 fecerat
1853 1784 1936 1851 ad
1963 1786 2281 1877 quasdam
2312 1814 2484 1857 com-

363 1887 601 1989 pages²
652 1888 899 1957 telluris
954 1888 1312 1957 visceribus
1356 1888 1758 1975 densandas,
1826 1889 2021 1959 simul
2059 1890 2142 1958 ad
2201 1894 2484 2011 impetus

364 1976 710 2063 fluminum
753 1994 1159 2078 domandoS,
1200 1978 1570 2087 fluctusque
1608 1994 2050 2088 frangendos,
2093 2020 2170 2064 ac
2217 2000 2482 2067 minime

364 2101 613 2191 quietas
642 2114 863 2193 partes
893 2098 1291 2169 coercendas
1326 2099 1670 2168 durissima
1695 2102 1795 2169 sui
1821 2102 2118 2170 materia.
2149 2103 2482 2171 Caedimus
2522 2143 2548 2173 2

364 2203 527 2291 hos,
565 2206 1047 2299 trahimusque,
1092 2202 1272 2273 nulla
1316 2202 1438 2273 alia
1459 2258 1479 2291 ,
1519 2230 1718 2300 quam
1765 2204 2146 2276 deliciarum
2167 2257 2186 2289 ‚
2239 2231 2435 2277 causa
2459 2263 2479 2297 ,

366 2333 534 2400 quos
565 2313 1042 2379 transcendisse
1066 2334 1330 2404 quoque
1353 2312 1596 2379 mirum
1627 2311 1768 2379 fuit.
1814 2313 1894 2379 In
1925 2326 2236 2405 portento
2268 2337 2476 2407 prope

368 2412 646 2504 majores
662 2412 954 2484 habuere
972 2414 1169 2509 Alpes
1188 2415 1273 2483 ab
1302 2414 1668 2484 Hannibale
1689 2430 2110 2510 exsuperatas
2126 2470 2145 2502 ‚
2165 2432 2234 2485 et
2255 2433 2482 2511 postea

367 2544 402 2585 a
439 2520 765 2589 Cimbris:
810 2544 989 2589 nunc
1024 2524 1181 2615 ipsae
1216 2519 1560 2588 caeduntur
1603 2524 1672 2588 in
1711 2519 1888 2589 mille
1924 2546 2166 2615 genera
2205 2547 2486 2593 marmo-

368 2648 517 2693 rum
546 2650 562 2693 :
594 2628 1047 2719 promontoria
1073 2626 1459 2721 aperiuntur
1487 2626 1682 2708 mari,
1718 2640 1784 2693 et
1811 2650 2036 2694 rerum
2077 2643 2312 2696 natura
2344 2633 2481 2723 agi·

369 2742 477 2795 tur
502 2730 568 2796 in
596 2730 883 2822 planum.
910 2732 1271 2800 Evehimus
1300 2756 1411 2817 ea,
1438 2755 1582 2823 quae
1619 2728 1998 2823 separandis
2034 2734 2337 2828 gentibus
2358 2760 2483 2829 pro

369 2834 664 2901 terminis
686 2837 1041 2903 constituta
1058 2850 1276 2905 erant:
1298 2860 1630 2929 navesque
1652 2860 2058 2904 marmorum
2079 2862 2275 2907 causa
2293 2841 2482 2909 fiunt:

370 2960 448 3005 ac
502 2962 621 3031 per
660 2938 929 3021 fluctuS,
970 2941 1386 3069 saevisssimam
1438 2966 1661 3009 rerum
1715 2956 1966 3010 naturae
2016 2960 2305 3038 partem,
2352 2928 2486 3015 huc

372 3042 527 3113 illue
595 3057 946 3137 portantur
1003 3032 1227 3141 juga³,
1278 3046 1527 3140 majore
1581 3048 1938 3115 etiamnum
1989 3050 2178 3117 venia
2200 3100 2217 3131 ‚
2284 3076 2480 3145 quam

368 3176 573 3243 quum
620 3151 703 3218 ad
747 3150 1019 3247 frigidos
1061 3165 1255 3247 potus
1305 3178 1423 3222 vas
1465 3153 1710 3248 petitur
1755 3154 1824 3219 in
1865 3142 2132 3222 nubila⁴
2134 3155 2480 3252 ,caeloque

444 3298 1271 3370 1.1.C12·stallmis.Gronov.et
1292 3300 1375 3351 Al.
1547 3306 1600 3362 4.
1639 3299 1804 3368 Quam
1836 3318 1976 3371 quum
2019 3302 2090 3353 ad
2101 3303 2319 3373 frigidos
2337 3317 2482 3374 potus

368 3389 511 3448 atquo
539 3378 756 3447 crystalli
780 3396 885 3429 cum
916 3378 1183 3451 myrrhim's.
1206 3378 1306 3431 En.
1464 3397 1557 3429 vas
1576 3382 1760 3453 petitur
1797 3384 1848 3431 ἱιι
1889 3380 2070 3436 nubila.
2121 3384 2234 3436 Etsi
2287 3384 2482 3434 mirum

450 3454 843 3526 2.Adquaedam
856 3456 1217 3528 compages.Ad
1227 3474 1379 3529 quas·
1467 3477 1634 3529 genus
1659 3457 1910 3525 loquendi
1936 3459 2210 3520 videatur,
2234 3471 2410 3512 tamen
2433 3472 2484 3511 et

368 3530 489 3586 dam
520 3548 673 3588 terrae
715 3548 889 3605 partes
905 3572 921 3597 ,
962 3538 1155 3606 quibus
1178 3550 1379 3590 θεῖοι-ω
1465 3538 1541 3590 sic
1569 3538 1662 3592 lib.
1687 3540 1767 3590 1x
1784 3577 1798 3597 ,
1825 3558 1936 3607 cap.
1963 3538 2033 3592 35
2059 3560 2072 3592 ε
2097 3564 2118 3586 ι
2143 3536 2356 3589 Indicus
2371 3556 2481 3590 ma-

367 3614 801 3685 compaginantur
819 3652 835 3677 ,
856 3614 913 3665 in
940 3613 1144 3667 telluris
1168 3614 1381 3667 visceri·
1465 3616 1608 3669 xime
1631 3617 1726 3669 has
1741 3616 1903 3669 mittit
1925 3625 2177 3671 Oceanus.
2200 3616 2347 3666 Inter
2368 3616 2482 3669 illas

368 3692 464 3745 bus
480 3693 901 3768 comprimendas
916 3711 976 3745 ac
988 3692 1293 3745 densandas.
1308 3692 1377 3745 H.
1465 3695 1667 3748 belluas
1699 3696 1828 3748 tales
1855 3708 2158 3765 tantasque,
2194 3711 2323 3763 quas
2349 3691 2483 3747 dixi-

448 3772 499 3825 3.
528 3774 957 3845 Ponuntur-juga,
984 3784 1087 3825 etc.
1119 3770 1293 3825 Gron.
1322 3784 1378 3825 et
1466 3792 1616 3839 mus,
1641 3792 1740 3846 per
1761 3787 1847 3827 tot
1875 3775 2039 3826 maria
2065 3771 2352 3835 venientes,
2377 3786 2484 3827 tam

371 3846 457 3901 Al.
485 3866 602 3905 ante
630 3852 890 3907 Harduin.
917 3864 1231 3923 «portantur
1254 3854 1377 3922 juga
1462 3855 1625 3925 longo
1645 3866 1903 3906 terrarum
1923 3864 2123 3914 tractu,
2137 3870 2167 3903 e
2187 3851 2342 3904 tantis
2363 3855 2486 3907 solis

372 3932 658 3997 montium,
696 3936 897 4005 majore
935 3932 1091 3985 etiam
1136 3932 1375 3997 vesania,
1462 3933 1778 3995 ardoribus,
1809 3942 1966 4001 atque
1999 3928 2144 3982 Indis
2185 3949 2398 4013 quoque
2431 3934 2486 3986 in

376 4017 478 4058 ete·
500 4030 533 4056 ι·
548 4010 653 4088 βο.
1464 4013 1662 4065 insulas
1679 4021 1966 4081 petuntur:
1986 4022 2038 4063 et
2057 4008 2342 4063 admodum
2360 4032 2490 4083 pau·-
