2975 4684
1124 386 1433 453 LIBER
1469 330 1855 453 ’xxxvi
2410 386 2552 483 495

424 524 646 594 omnia
680 518 1093 607 fabulositas,
1138 533 1403 588 utemur
1444 518 1646 613 ipsius
1677 520 1774 585 Μ.
1807 519 2132 587 Varronis
2181 520 2249 588 in
2291 523 2551 615 exposi-

426 632 607 700 tione
630 626 1041 722 ejusverbis:
1074 624 1384 719 Sepultus
1402 639 1526 709 est,
1543 625 1788 718 inquit,
1819 624 1943 692 sub
1981 624 2146 692 urbe
2171 624 2447 695 Clusi0.
2477 629 2556 697 in

424 760 559 830 quo
600 734 749 803 loco
796 746 1296 802 monumentum
1340 730 1604 825 reliquit
1653 728 1868 861 lapide
1911 731 2235 824 quadrato
2253 716 2303 756 ³⁵
2344 762 2360 802 :
2418 736 2558 802 sin-

428 841 581 936 gula
617 841 823 910 latera
868 839 1110 935 pedum
1154 837 1284 907 lata
1326 823 1696 906 tricenum³
1699 824 1746 921 9,
1798 834 1930 904 alta
1974 838 2553 934 quinquagenum.

426 951 634 1066 inque
656 946 795 1016 basi
823 946 1161 1075 quadrata3
1166 948 1338 1013 intus
1363 943 1810 1037 labyrinthum
1836 943 2389 1014 inextricabilem.
2374 972 2550 1041 .quo

428 1055 477 1123 si
522 1054 670 1147 quis
720 1036 1189 1147 improperet³⁷
1232 1053 1375 1119 sine
1420 1050 1714 1145 glomere
1764 1047 1924 1135 lini,
1971 1050 2216 1118 exitum
2263 1052 2558 1122 invenire

426 1174 727 1254 nequeat.
774 1161 987 1254 Supra
1031 1156 1097 1227 id
1141 1156 1536 1251 quadratum
1590 1154 1964 1251 pyramides
2010 1169 2187 1224 stant
2232 1158 2558 1252 quinque,
2595 1180 2630 1232 8

428 1280 715 1361 quatuor
764 1266 831 1332 in
882 1262 1171 1358 anguliS,
1224 1264 1291 1330 in
1336 1262 1554 1331 medio
1607 1286 1775 1348 una,
1817 1263 1886 1329 in
1940 1262 2076 1329 imo
2127 1259 2272 1331 latae
2315 1265 2559 1356 pedum

428 1374 704 1465 quinum
760 1384 1275 1465 septuagenum,
1326 1366 1473 1436 altae
1529 1382 1794 1437 centum
1851 1368 2435 1497 quinquagenu3m:
2472 1372 2563 1439 ita

429 1476 811 1571 fastigiatae,
861 1487 936 1542 ut
990 1476 1059 1541 in
1109 1498 1370 1541 summo
1423 1473 1603 1542 orbis
1647 1498 1867 1541 aeneus
1910 1486 1976 1542 et
2019 1488 2286 1605 petasus
2300 1459 2350 1499 ³⁸
2391 1499 2562 1545 unus

430 1581 740 1650 omnibus
776 1582 861 1648 sit
896 1580 1270 1673 impositus,
1314 1602 1395 1646 ex
1432 1603 1564 1672 quo
1597 1578 1929 1674 pendeant
1978 1566 2278 1675 exapta³⁹
2314 1583 2564 1651 catenis

430 1685 873 1755 tintinnabula
895 1710 1081 1779 ,quae
1106 1699 1309 1753 vento
1330 1684 1607 1777 agitata,
1636 1682 1831 1779 longe
1864 1686 2117 1755 sonitus
2147 1687 2469 1771 referant,
2489 1703 2565 1757 ut

430 1791 733 1862 Dodonae
766 1790 921 1859 olim
954 1778 1277 1861 factum&
1312 1792 1528 1884 Supra
1567 1816 1762 1885 quem
1796 1792 2026 1860 orbem
2052 1808 2338 1886 quatuor
2360 1818 2632 1887 pyra-9

429 1898 686 1968 mides
670 1922 939 1992 msuper
964 1894 1240 2034 singulae
1272 1910 1449 1965 stant
1472 1895 1618 1966 altae
1649 1897 1896 1992 pedum
1927 1914 2306 1967 centenum.
2350 1902 2567 1995 Supra

428 2029 591 2099 quas
630 2030 762 2073 uno
809 1991 1013 2072 501099
1056 2003 1349 2096 quinque
1388 2003 1795 2096 pyramideS,
1838 2028 2117 2097 quarum
2151 2004 2564 2075 altitudinem

428 2112 801 2181 Varronem
826 2109 1063 2205 puduit
1091 2109 1391 2202 adjicere
1430 2111 1482 2175 F
1483 2106 1694 2178 abulae
1723 2112 2066 2180 Hetruscae
2097 2111 2370 2180 tradunt
2394 2137 2567 2184 eam-

429 2216 583 2285 dem
618 2217 857 2303 suisse,
894 2240 1095 2311 quam
1147 2217 1346 2285 totius
1404 2216 1622 2308 operis
1675 2234 1690 2276 t
1739 2216 1904 2285 adeo
1955 2240 2198 2286 vesana
2237 2217 2567 2287 dementia

431 2444 611 2515 vulgg.
639 2453 959 2512 superaretur.
997 2441 1167 2494 Gron.
1198 2440 1452 2511 conjicie-

431 2526 551 2585 bat,
586 2523 725 2575 Italis
747 2533 1053 2593 spectaretur.
1089 2522 1193 2573 En.

1543 2442 1857 2512 conjuncte,
1885 2444 2172 2515 συνημμίνα.
2191 2482 2208 2509 ,
2253 2445 2566 2517 (hipponem-

1541 2540 1624 2573 να.
1665 2520 1754 2574 Sic
1781 2522 1932 2575 MSS.
1967 2526 2096 2595 neg.
2131 2544 2160 2577 ο
2202 2537 2252 2578 et
2277 2525 2400 2577 alii:
2427 2544 2563 2589 non,

515 2602 606 2657 35.
640 2602 823 2673 Lupiae
862 2602 1115 2674 quadrato.
1154 2600 1358 2653 Broter.
1390 2618 1451 2652 ex

432 2684 597 2754 Regg.
638 2680 799 2736 codd.
838 2702 864 2735 a
882 2724 899 2747 ,
929 2685 960 2736 3
979 2721 994 2746 ,
1023 2680 1183 2750 lapide
1214 2678 1453 2750 quadrato

432 2762 735 2833 quadratum.
766 2762 1175 2813 Monumentum
1200 2756 1332 2810 illud
1354 2757 1454 2811 fuit

434 2840 491 2893 in
521 2840 655 2891 urbe
694 2839 915 2900 Clusio,
957 2856 1101 2891 nunc
1141 2838 1324 2889 Chiusi.
1370 2836 1453 2890 Ad

432 2921 546 2991 ejus
566 2916 914 2970 imitationem
937 2916 1116 2987 plures
1132 2928 1311 2987 postea
1332 2917 1451 2969 faeti

434 3000 585 3053 fuere
622 2997 947 3049 subterranei
978 2996 1303 3066 labyrinthi,
1333 2998 1453 3067 qui-

430 3080 535 3133 bus
566 3075 771 3131 Clusini
797 3074 1169 3130 defunctorum
1199 3074 1451 3131 cadavera

434 3158 780 3229 deponerent.
840 3156 921 3209 Ex
982 3156 1129 3210 Brot.
1187 3168 1321 3210 nott.
1378 3154 1451 3210 ad

434 3240 581 3292 hune
604 3236 706 3289 loe.
732 3237 835 3288 En.

517 3317 611 3371 36.
633 3316 817 3369 Pedum
838 3315 942 3367 tata
969 3326 1217 3368 trec-enum.
1245 3318 1448 3371 Broter.

432 3418 497 3452 ex
524 3395 711 3450 iisdem
733 3436 749 3460 ,
769 3396 945 3467 pedum
966 3400 1208 3448 tricenum.
1240 3396 1347 3449 En.

516 3476 611 3547 37.
630 3478 742 3545 Quo
768 3480 811 3528 si
834 3480 939 3547 quis
958 3480 1253 3548 improperet.
1278 3476 1453 3529 Intro-

434 3556 1060 3690 ιηὸιὲἷοῖἷῖεἳξιέἒίἓὶ
1090 3636 1277 3688 forma.
1305 3634 1453 3688 H.—

437 3717 656 3769 Petasus.
686 3717 750 3769 In
782 3728 964 3785 petaso
996 3726 1047 3768 et
1085 3716 1453 3768 tintinnabulis

436 3796 658 3865 insignia
678 3808 890 3849 manent
906 3794 1233 3866 antiquitatis
1260 3812 1450 3848 monu-

436 3889 611 3929 menta
627 3892 779 3946 ‚quo
806 3874 979 3929 adhuc
1012 3874 1262 3927 videntur
1281 3873 1339 3927 in
1366 3875 1450 3928 Si-

438 3957 685 4009 nensibus
714 3955 1089 4009 monumentis.
1120 3956 1291 4008 Bnor.

521 4034 609 4102 39.
653 4036 869 4105 Empta.
914 4038 1029 4089 Hoc
1070 4046 1149 4088 est
1170 4074 1188 4102 ‚
1232 4047 1402 4107 aptata
1433 4072 1452 4100 ‚

1542 2600 1674 2653 utin
1695 2598 1850 2653 editis
1868 2602 2081 2673 legitur,
2097 2604 2484 2672 excerpta-Usus
2506 2623 2564 2658 ee

1539 2688 1670 2731 voce
1703 2680 2005 2737 Lucretius,
2040 2680 2134 2735 lib.
2176 2685 2278 2745 IV,
2305 2702 2381 2737 vs.
2413 2687 2562 2754 807.-

1548 2759 1803 2812 «Brachia
1831 2773 1942 2812 tum
1971 2778 2141 2830 porro
2167 2761 2354 2815 validis
2380 2776 2563 2835 exapta

1541 2838 1769 2892 lacertis.
1793 2865 1816 2885 υ
1848 2839 1917 2891 Et
1945 2840 2207 2904 Lucilius,
2241 2842 2292 2893 X
2317 2862 2329 2891 :
2365 2868 2387 2888 .
2405 2844 2564 2895 Pelli-

1543 2918 1661 2970 cula
1674 2936 1734 2970 ex
1741 2930 1906 2971 trema
1921 2932 2164 2989 exaptum
2178 2918 2416 2991 pendere
2429 2941 2566 2993 opus

1539 2996 1740 3069 ingens.
1769 3022 1792 3044 n
1823 2998 2002 3051 Ham).

1626 3084 1716 3141 40.
1749 3077 1820 3130 Ut
1845 3078 2069 3130 Dodona:
2087 3078 2200 3130 olim
2213 3080 2424 3147 sactum.
2453 3082 2564 3135 Ubi

1541 3158 1804 3209 columna
1830 3157 1978 3211 fuere
1999 3157 2118 3211 dua
2135 3160 2388 3214 sublimes
2405 3200 2421 3225 ,
2434 3180 2566 3233 qun·

1539 3254 1663 3289 rum
1683 3236 1738 3289 in
1765 3238 1928 3291 altera
1955 3238 2119 3309 posita
2144 3240 2313 3311 pelvis
2334 3258 2466 3293 aerea
2489 3260 2564 3293 ee-

1541 3328 1649 3369 set:
1673 3316 1727 3368 in
1752 3316 1913 3370 altera
1939 3319 2142 3387 pensile
2169 3320 2322 3390 pueri
2349 3320 2563 3371 simula·

1539 3415 1687 3449 crum
1705 3436 1720 3464 ,
1747 3395 2012 3467 flagellum
2041 3390 2234 3453 tei-'eum
2266 3416 2426 3451 manu
2457 3397 2560 3449 tol·

1536 3476 1712 3530 lentis.
1755 3477 1978 3543 Quoties
2025 3498 2148 3532 vero
2193 3476 2562 3531 vehementior

1538 3556 1698 3628 paulo
1730 3568 1919 3609 ventus
1943 3558 2173 3621 efflaret,
2195 3555 2419 3625 impulsa
2443 3574 2560 3608 seu-

1532 3637 1645 3689 ·tica
1663 3636 1860 3707 pelvim
1885 3638 2067 3690 feriret
2085 3633 2412 3705 saepiuscule,
2437 3654 2558 3705 quae

1541 3714 1636 3769 diu
1675 3730 1794 3789 post
1833 3716 2085 3769 tinnitum
2128 3714 2364 3766 referret.
2398 3713 2562 3767 Unde

1538 3798 1788 3866 partemin
1814 3817 1826 3847 :
1858 3791 2143 3847 Δωδωναῖον
2169 3796 2417 3861 χαλκεῖον,
2455 3794 2560 3846 Do-

1537 3876 1756 3929 danaum
1779 3896 1861 3928 ωε.
1891 3873 2069 3926 Ilum.

1622 3964 1714 4021 4¹·
1755 3954 1863 4007 Uno
1888 3954 2008 4005 solo.
2051 3952 2257 4025 Nempe
2285 3954 2341 4005 in
2373 3950 2561 4007 eadem

1541 4034 1779 4105 planitie.
1813 4034 1994 4084 Hinn.
