2975 4684
1060 331 1379 400 LIBER
1429 334 1752 403 XXXV.

352 467 487 538 lum
528 479 629 538 est
674 465 997 536 felicitatis
1043 466 1415 559 specimen,

2331 331 2471 402 083

1478 489 1678 559 quam
1725 489 1986 557 Semper
2027 487 2260 533 omnes
2307 486 2473 534 son-e

353 599 633 668 cupere,
691 571 901 666 qualis
939 571 1138 644 fuerit
1174 569 1425 664 aliquis.
1468 573 1674 642 Asinii
1719 568 2028 640 Pollionis
2067 570 2198 640 hoe
2239 573 2472 640 Romae

352 677 745 748 inventum²⁹
748 731 769 764 ‚
795 679 905 772 qui
931 679 1183 772 primus
1203 675 1670 746 bibliothecam
1698 661 2043 746 dicando³⁰
2045 677 2340 770 ‚ingenia
2363 678 2474 746 ho-

353 787 603 854 minum
628 793 765 854 rem
784 783 1117 878 publicam
1141 768 1347 852 fecit³¹

352 957 495 1009 ciens
544 955 735 1026 aliquis
776 953 978 1008 desedit
1020 919 1101 1008 ad·
1144 953 1361 1025 ignem·
1349 995 1361 1008 .

352 1037 484 1088 Diva
506 1035 599 1088 sed
617 1036 730 1106 ipsa
751 1035 859 1087 suis
868 1036 1112 1088 manibus
1124 1033 1365 1087 Tritonia

350 1115 533 1180 linxit,
576 1115 832 1185 Corporis
874 1115 1057 1168 insessi
1091 1112 1365 1184 quondam

352 1212 461 1246 non
507 1195 828 1247 immemor:
864 1193 975 1264 ipsa
1013 1193 1228 1264 Quippe
1270 1212 1365 1264 per

352 1293 411 1326 os
453 1275 629 1343 magni
666 1285 851 1326 cantus
888 1272 1078 1334 edebat
1110 1269 1361 1334 Homeri,

352 1353 610 1415 Consors,
650 1353 879 1416 Phoebe,
918 1352 1037 1404 tibi.
1081 1351 1168 1403 Sic
1207 1368 1365 1421 quem

352 1430 464 1485 vice
490 1433 653 1502 patris
680 1431 883 1498 adoro,
910 1429 1207 1483 Maeonides
1224 1430 1369 1481 stetit

254 1527 257 1532 ·
350 1511 453 1563 hic.
470 1510 687 1564 Senium
702 1509 951 1581 preferre
961 1507 1173 1561 videtur
1182 1508 1371 1572 Dulce,

348 1587 441 1644 sed
470 1590 573 1642 hoc
608 1589 811 1640 senium
844 1599 953 1650 est,
979 1599 1031 1640 et
1064 1587 1134 1639 ab
1160 1586 1255 1639 illo
1282 1582 1365 1639 di-

349 1669 459 1720 tior
488 1669 571 1720 ori
603 1667 782 1720 Gratia
809 1687 821 1717 :
848 1666 1176 1724 conveniunt
1198 1667 1369 1735 gravi-

348 1759 429 1800 tas
469 1759 523 1799 et
556 1746 781 1798 amabile
818 1743 1071 1816 quiddam
1111 1763 1125 1796 :
1166 1744 1367 1800 Blanda

347 1823 653 1878 verecundo
680 1826 919 1896 majestas
958 1824 1097 1876 lucet
1131 1824 1187 1876 in
1225 1843 1319 1878 ore
1347 1845 1360 1875 ε

349 1905 561 1958 Innatat
594 1904 649 1956 in
677 1923 836 1958 curva
862 1921 1023 1956 canus
1048 1904 1252 1956 cervice
1274 1922 1361 1956 co-

348 1985 569 2054 rymbus
595 1983 811 2036 Vei-tice
832 1981 1176 2048 descendens,
1196 1995 1248 2036 et
1266 1984 1364 2036 cir·

349 2061 717 2116 cumsunditur
766 2081 937 2116 aures.
973 2061 1156 2114 Mento
1196 2062 1363 2116 barba

350 2140 539 2196 cadens
581 2142 753 2214 spatio
800 2142 1115 2212 dispescitur
1152 2143 1363 2212 amplo,

350 2221 601 2274 Mollibus
628 2222 719 2274 illa
745 2223 866 2292 pilis
894 2223 1169 2291 multoque
1210 2223 1362 2274 volu-

352 2301 523 2365 mino,
554 2319 653 2354 nec
691 2319 745 2354 se
782 2302 939 2372 Cogit
968 2302 1023 2354 in
1050 2313 1329 2372 angustum
1347 2337 1363 2364 ,

350 2378 569 2432 aed'late
593 2380 850 2446 excurrit,
879 2393 933 2434 et
957 2381 1095 2433 infra
1118 2381 1187 2432 Et
1210 2381 1365 2434 vestis

351 2459 508 2511 simul
554 2471 630 2510 est
680 2477 741 2512 ea
789 2461 1045 2530 pectoris,
1100 2473 1153 2513 et
1205 2459 1366 2512 decus

350 2537 477 2590 oris.
522 2535 677 2590 Nuda
726 2540 891 2592 comis
941 2539 1087 2592 frons
1129 2551 1207 2592 est
1253 2557 1267 2592 :
1314 2551 1369 2592 et

348 2615 497 2670 adest
534 2617 783 2689 sapientia
824 2619 1029 2682 fronti,
1066 2617 1229 2672 Unde
1264 2619 1367 2671 sibi

352 2713 525 2748 mores
549 2695 705 2750 ducat
730 2709 1077 2768 puerzexstat
1097 2698 1367 2767 utrimque

350 2775 555 2828 Umbra
585 2775 857 2847 supercilii
876 2794 1137 2847 :namque
1161 2795 1245 2828 ars
1264 2779 1367 2830 hoc

349 2854 577 2924 provida
614 2855 809 2908 vallum
858 2854 1179 2918 Addiderat,
1212 2856 1365 2908 vacui

348 2935 600 2988 suberant
625 2933 749 3004 quia
778 2933 993 2987 luminis
1016 2935 1191 2986 orbes.
1218 2935 1373 3004 Aspi-

349 3014 495 3066 ciens
522 3031 725 3065 coecum
756 3031 865 3064 non
891 3030 1067 3081 posses
1106 3012 1323 3065 credere
1352 3029 1367 3067 τ

348 3105 493 3146 tanta
533 3091 789 3144 Obscuris
822 3092 990 3144 oculis
1030 3089 1257 3154 admixtu
1288 3105 1366 3144 est

349 3172 515 3242 gratia
536 3183 549 3219 τ
574 3171 701 3224 felix
728 3170 844 3224 Hoc
865 3171 1051 3224 vitium
1074 3184 1175 3234 est,
1202 3172 1365 3226 labes-

350 3269 453 3321 que
478 3250 757 3304 oculorum
782 3251 985 3321 profuit
1004 3252 1129 3315 arti,
1155 3251 1231 3304 Ut
1256 3270 1366 3305 mn-

348 3331 429 3399 gis
485 3349 549 3382 ex
608 3331 719 3382 imo
786 3331 999 3383 veniens
1056 3331 1143 3382 lux
1202 3329 1363 3384 corde

350 3421 569 3479 pateret.
620 3411 881 3464 Nonnihil
920 3411 1209 3464 introrsum
1248 3429 1361 3462 sese

350 3499 497 3542 cavat
532 3503 759 3560 utraque
788 3491 951 3556 mala,
988 3491 1231 3560 Utraque
1260 3489 1365 3544 sul-

351 3579 501 3620 catur
532 3570 707 3640 rugis‚
738 3569 831 3622 sed
869 3571 1081 3639 utrique
1118 3580 1375 3624 venustus

349 3646 442 3700 Est
466 3645 661 3716 pudor'.
688 3649 743 3702 in
765 3648 903 3703 socia
926 3650 1113 3720 recipit
1132 3649 1224 3720 qui
1245 3646 1370 3702 sede

348 3723 628 3795 pudorem.
649 3729 805 3782 Errat
824 3727 935 3798 apis
960 3729 1161 3782 circum
1183 3725 1369 3780 divino

352 3806 486 3858 vati·
509 3807 565 3858 in
581 3826 675 3860 ore
691 3846 707 3871 ‚
722 3807 927 3860 Pierios
942 3807 1176 3877 paritura
1201 3808 1369 3860 favos.

350 3881 541 3938 uanus
564 3886 725 3940 altera
741 3888 970 3957 palmam
994 3885 1223 3956 Alterius
1248 3905 1372 3956 por-

352 3973 461 4026 tat,
502 3963 721 4020 baculus
760 3979 1013 4020 sustentat
1058 3977 1371 4038 utramque,

1363 785 1502 852 .An
1526 769 1808 878 priores³
1815 781 2172 877 ²coeperint
2183 782 2470 853 Alexan-

1452 955 1672 1008 Viventi
1713 973 1830 1006 mos
1870 954 2036 1026 qualis
2085 967 2244 1008 erat·
2230 996 2243 1007 .
2280 955 2372 1009 sed
2417 969 2473 1010 ct

1450 1035 1632 1106 arrigit
1659 1035 1798 1088 auris
1830 1035 2054 1085 Dextera
2085 1053 2168 1099 se,
2207 1035 2467 1088 Phoebum

1451 1115 1671 1185 cupiens
1726 1111 1913 1166 audire
1969 1113 2272 1184 loquentem
2287 1153 2302 1179 ,
2355 1114 2470 1170 Aut

1452 1193 1519 1246 de
1541 1195 1714 1248 Pierio
1736 1192 2026 1264 nympham
2051 1211 2227 1262 grege,
2254 1193 2468 1246 volvere

1451 1292 1627 1326 secum
1645 1273 1811 1326 Multa
1827 1272 2003 1324 animo
2021 1272 2290 1324 manifesta
2303 1271 2463 1325 fides:

1450 1370 1680 1422 namque
1698 1351 1838 1404 edita
1857 1369 1984 1404 cura
2005 1351 2084 1402 Ex
2099 1349 2264 1422 adyto
2284 1351 2472 1403 mentis

1452 1449 1596 1482 nunc
1657 1431 1790 1495 huc,
1843 1449 1988 1482 nunc
2034 1429 2259 1482 vertitur
2315 1430 2472 1496 illuc,

1452 1511 1625 1562 Texat
1657 1521 1720 1562 ut
1747 1509 2023 1562 armisona
2059 1507 2258 1560 Sirenis
2289 1508 2474 1561 nobile

1454 1605 1686 1642 carmen.
1719 1613 1744 1634 n
1777 1588 1957 1640 Huni).

1537 1685 1627 1734 29.
1671 1668 1839 1734 Asinii
1887 1667 2121 1718 Pollionis
2167 1667 2256 1717 hoc
2303 1666 2482 1717 Romee

1448 1749 1704 1799 inventum.
1729 1745 1974 1798 Diximus
2005 1745 2072 1798 de
2095 1763 2161 1798 eo
2191 1745 2244 1796 in
2269 1745 2467 1796 Aucto-

1448 1843 1570 1878 rum
1597 1823 1798 1878 Indice.
1849 1824 1956 1876 Sed
1997 1821 2264 1876 Isidorum
2304 1823 2430 1876 audi
2450 1862 2466 1887 ,

1449 1904 1636 1976 Origg.
1665 1907 1773 1970 VI,
1806 1903 1834 1956 5
1863 1922 1879 1956 ε
1904 1927 1926 1948 κ
1955 1906 2136 1956 Romae
2167 1902 2371 1972 primus
2401 1903 2466 1954 li·-

1446 1983 1669 2036 brorum
1713 1983 1920 2054 copiam
1977 1981 2187 2036 advexit
2223 1982 2470 2034 AEmilius

1446 2063 1668 2127 Paulus,
1722 2064 1878 2116 Perse
1934 2060 2286 2114 Macedonum
2343 2079 2470 2131 rege

1447 2139 1658 2196 devicto
1682 2159 1700 2194 :
1729 2141 1928 2195 deinde
1963 2142 2223 2195 Lucullus
2267 2158 2298 2192 e
2339 2141 2468 2192 Par-

1448 2221 1590 2276 thica
1619 2221 1812 2293 praeda.
1843 2221 1968 2274 Post
1997 2222 2094 2275 hos
2123 2221 2296 2274 Caesar
2323 2217 2470 2271 dedit

1448 2301 1528 2354 Μ.
1545 2302 1772 2355 Varroni
1786 2302 2058 2372 negotium
2075 2317 2230 2351 cansa
2245 2298 2470 2350 maxime

1448 2379 1786 2434 bibliothece
1810 2377 2198 2433 conservandae.
2231 2377 2470 2429 Primum

1451 2471 1626 2512 autem
1652 2461 1834 2512 Romte
1867 2459 2212 2512 bibliothecas
2235 2457 2471 2526 publica-

1451 2539 1530 2592 vit
1585 2538 1789 2598 Pollio.
1851 2555 2046 2608 graecas
2101 2537 2260 2589 simul
2311 2549 2472 2607 atquc

1446 2617 1664 2681 latinas,
1689 2615 1882 2669 additis
1917 2630 2191 2669 auctorum
2233 2615 2473 2686 imagini-

1450 2698 1552 2750 bus
1578 2697 1635 2749 in
1659 2697 1826 2762 atrio,
1853 2693 1998 2766 quod
2019 2695 2086 2748 de
2111 2695 2470 2747 Dalmatarum
2544 2762 2553 2769 ·

1453 2775 1718 2829 manubiis
1760 2774 2340 2844 magnificentissimum
2385 2777 2468 2826 in-

1450 2867 1730 2909 struxerat.
1761 2879 1784 2902 ·
1817 2853 2000 2904 liuto.

1540 2936 1630 2988 30.
1666 2934 2010 2988 Bibliothecam
2039 2933 2264 2985 dicando.
2307 2930 2473 2984 Dedi-

1452 3013 1625 3068 cando
1647 3051 1663 3080 ‚
1689 3011 2078 3073 consecrando,
2107 3013 2310 3081 publici
2344 3012 2474 3080 juris

1454 3092 1720 3148 faciendo.
1753 3092 1957 3144 Plinius
1987 3092 2168 3162 junior
2195 3093 2260 3154 1‚·
2282 3109 2367 3162 ep.
2407 3095 2476 3155 8,

1452 3173 1698 3226 meminit
1747 3197 1770 3220 ι
1807 3171 2065 3224 sermonis
2111 3173 2224 3240 ejus
2250 3207 2266 3234 ,
2315 3189 2478 3241 quem

1451 3251 1599 3323 apud
1633 3251 1926 3320 municipes
1969 3267 2092 3303 suos
2127 3249 2348 3316 habuit,
2393 3250 2478 3303 bi·

1450 3332 1774 3384 bliothecam
1801 3328 2158 3382 dedicaturus.
2181 3357 2205 3377 a
2234 3331 2417 3384 Ham).

1531 3410 1625 3464 31.
1657 3412 1774 3462 lem
1805 3410 2048 3484 publicam
2078 3411 2220 3478 secie.
2271 3409 2476 3462 Publici

1456 3491 1593 3562 juris
1623 3490 1764 3544 fecit.
1796 3489 1981 3544 Ham).

1543 3577 1627 3624 32.
1659 3571 1744 3624 An
1779 3575 1962 3639 priores
1980 3626 1988 3634 ⁸
2005 3570 2240 3638 capet-int.
2281 3563 2480 3617 Scribit

1460 3649 1650 3703 Galen.
1683 3651 1894 3705 Comm.
1921 3649 1950 3700 1
1990 3649 2046 3700 in
2077 3647 2244 3715 Hipp.
2271 3642 2340 3694 de
2371 3643 2478 3692 Na-

1456 3740 1574 3782 tura
1595 3730 1742 3783 hum.
1763 3728 1908 3782 inter
1929 3721 2266 3780 Alexandria
2285 3734 2340 3774 et
2359 3722 2480 3772 Per-

1458 3809 1766 3880 gamireges,
1777 3807 2170 3861 contentionem
2183 3801 2341 3852 fuisse
2340 3798 2482 3868 ,quis

1460 3889 1616 3958 plura
1641 3901 1878 3942 veterum
1907 3882 2174 3938 volumina
2203 3895 2480 3949 compara·

1458 3981 1556 4022 ret.
1570 3967 1710 4020 Tum
1735 3985 1860 4019 vero
1881 3964 2074 4016 multos
2089 3960 2154 4012 ab
2168 3957 2484 4012 hominibus
