2975 4684
1085 385 1401 455 LIBER
1452 382 1818 453 xxxvl.
2373 378 2497 455 511

398 507 611 593 mm⁷³
658 517 823 591 ista?
856 532 971 589 aut
1011 540 1157 611 quae
1197 513 1463 609 querela
1511 514 1596 584 de
1632 510 1918 584 Cannis?
1961 514 2304 603 Quantum
2359 518 2514 588 mali

398 627 615 722 potuit
658 621 993 696 accidere?
1043 623 1307 691 Hauriri
1351 620 1549 690 urbes
1601 634 1796 689 terrae
1843 620 2170 707 hiatibus,
2215 622 2516 716 publicus

400 730 775 803 mortalium
830 728 1021 799 dolor
1076 741 1197 796 est.
1264 730 1436 795 Ecce
1482 724 1768 820 populus
1811 748 2122 795 romanus
2176 729 2516 800 universus
2559 754 2621 805 16

398 838 583 907 velut
624 836 883 905 duobus
918 834 1193 925 navigiis
1230 832 1612 925 imposituS,
1647 830 1818 899 binis
1843 830 2218 901 cardinibus
2247 836 2517 905 sustine·

400 958 531 1027 tur,
561 956 627 1011 et
658 943 961 1033 seipsum
984 938 1471 1033 depugnantem
1506 950 1791 1029 spectat,
1819 937 2150 1030 periturus
2180 957 2516 1011 momento

402 1048 623 1143 aliquo
650 1046 888 1115 luxatis
918 1045 1235 1113 machinis
1265 1068 1279 1109 τ
1322 1057 1389 1111 et
1422 1066 1541 1136 per
1562 1042 1692 1111 hoc
1722 1042 2036 1135 quaeritur
2063 1044 2130 1109 in
2155 1043 2517 1117 tribuniciis

404 1152 833 1223 concionibus
862 1152 1100 1243 gratia,
1136 1162 1211 1215 ut
1246 1146 1530 1240 pensiles
1559 1147 1768 1215 tribus
1796 1134 2121 1216 faceret⁷⁴.
2153 1148 2383 1235 Qualis
2407 1153 2519 1223 hic

402 1260 471 1327 in
521 1241 891 1326 Rostris⁷⁵i‘
942 1252 1123 1342 Quid
1174 1276 1311 1320 non
1350 1275 1628 1321 ausurus
1687 1251 1863 1345 apud
1913 1275 2059 1338 eos,
2102 1253 2344 1344 quibus
2390 1255 2520 1327 hoc

404 1357 852 1459 persuaserit?
872 1360 1052 1427 Vera
1076 1380 1362 1451 namque
1397 1356 1864 1425 confitentibus
1893 1356 2178 1451 populus
2211 1383 2522 1431 romanus

402 1468 668 1539 funebri
713 1486 985 1569 munere
1028 1461 1113 1529 ad
1156 1459 1480 1529 tumulum
1524 1464 1726 1554 patris
1762 1462 1902 1554 ejus
1945 1460 2347 1556 depugnavit
2374 1468 2522 1535 uni-

403 1592 653 1641 versus.
680 1568 980 1636 variavit
1010 1566 1183 1635 hanc
1214 1589 1397 1634 suam
1424 1566 1974 1661 magnificentiam
2015 1567 2196 1636 fessis
2227 1570 2523 1640 turbatis-

408 1699 537 1769 que
588 1672 961 1742 cardinibus
978 1657 1075 1737 ἐς
1121 1684 1187 1739 et
1230 1670 1696 1765 amphitheatri
1744 1672 1956 1741 forma
1998 1674 2319 1743 custodita
2341 1728 2360 1759 ,
2401 1701 2526 1745 no-

408 1781 673 1850 vissimo
708 1778 813 1846 die
842 1774 1161 1847 duabus⁷⁷
1198 1800 1317 1870 per
1346 1776 1636 1844 medium
1669 1762 1942 1846 sceuis⁷⁸
1976 1777 2253 1847 athletas
2288 1779 2528 1868 edidit,

410 1887 793 1980 raptisquee
811 1880 1205 1950 contrario⁷⁹
1219 1896 1492 1974 repente
1520 1881 1786 1975 pulpitis
1797 1869 1848 1907 ⁸⁰
1863 1881 2091 1952 eodem
2119 1883 2226 1952 die
2246 1884 2528 1957 victores

409 2014 447 2058 e
476 1988 943 2085 gladiatoribus
970 1986 1103 2055 suis
1132 1984 1458 2079 produxit.
1495 1987 1640 2055 Nec
1668 1987 1798 2055 fuit'
1813 2013 1928 2057 rex
1959 1989 2202 2074 Curio,
2231 2004 2347 2058 aut
2378 2016 2531 2085 gen-

410 2096 571 2165 tium
599 2098 979 2189 imperator,
1011 2116 1148 2159 non
1183 2090 1419 2183 opibus
1458 2091 1764 2185 insignis,
1801 2106 1877 2160 ut
1907 2094 2019 2187 qui
2045 2092 2202 2161 nihil
2229 2096 2300 2162 in
2329 2121 2528 2165 censu

410 2201 751 2281 habuerit,
789 2212 1027 2291 praeter
1066 2194 1459 2265 discordiam
1507 2198 1897 2292 principum.

518 2305 647 2373 Sed
689 2303 991 2372 dicantur
1031 2324 1189 2369 vera
1224 2302 1652 2376 aestimatione
1695 2304 1940 2377 invicta
1985 2304 2300 2377 miracula
2321 2356 2341 2390 ,
2384 2331 2530 2401 quae

496 2512 591 2581 73.
616 2510 743 2581 Qua
764 2509 935 2563 vilitas
956 2510 1237 2561 animaru-⁸.
1264 2502 1433 2557 Adeo-

414 2608 484 2645 ue
508 2588 631 2643 vilis
647 2588 835 2659 populi
858 2605 995 2639 rom.
1032 2586 1139 2637 vita
1168 2582 1431 2645 videntur,

415 2681 479 2723 ut
513 2670 588 2721 sic
626 2680 781 2721 certo
820 2664 981 2719 morti
1010 2662 1171 2735 objici
1214 2663 1433 2730 impune

416 2747 624 2817 possit?
668 2743 817 2810 Quid
858 2743 926 2797 de
976 2740 1244 2797 Caunmsi
1286 2736 1433 2791 clade

1517 2506 1718 2577 inquit,
1743 2508 1833 2561 hic
1854 2509 1981 2575 fuit,
2015 2512 2107 2581 qui
2138 2510 2193 2563 id
2215 2514 2418 2583 populo
2445 2534 2532 2567 ro-

1517 2602 1680 2638 mano
1706 2589 2022 2655 persuaserit
2050 2590 2107 2640 in
2143 2592 2438 2646 concione?
2461 2594 2528 2647 Η.

1599 2666 1694 2732 76.
1725 2664 2040 2737 Turbati-eque
2072 2669 2360 2724 car-afinibus.
2396 2674 2530 2728 Pou-

1517 2740 1647 2793 dere
1671 2742 1831 2795 totius
1852 2745 2126 2797 machinae.
2147 2746 2325 2801 Ham).

417 2826 708 2894 querimur,
748 2840 911 2891 quum
954 2822 1125 2889 major
1154 2818 1243 2869 hic
1282 2816 1401 2868 fieri
1422 2854 1437 2883 ,

416 2902 595 2967 luna
620 2900 883 2961 machina,
908 2898 1164 2968 potuisset
1178 2900 1201 2945 Ρ
1230 2894 1407 2947 Hnn.

503 2985 595 3050 74.
640 2978 706 3031 Ue
732 2977 934 3048 pensu-es
969 2975 1117 3027 tribus
1135 2975 1343 3041 facem.
1366 2974 1432 3025 In

420 3057 573 3115 MSS.
594 3058 757 3127 Regg.
784 3066 837 3109 et
863 3052 985 3107 edit.
1008 3054 1249 3124 principe
1274 3053 1433 3105 omis·-

420 3154 569 3201 sum,
580 3138 785 3204 facent.
822 3134 965 3187 Brot.
994 3130 1079 3187 cui
1121 3132 1435 3203 displicebat

424 3216 581 3273 etiam
606 3213 741 3269 illud
768 3212 1010 3273 verbum,
1032 3212 1361 3281 conjiciebat,
1381 3223 1436 3263 ut

415 3296 618 3368 peasa‘les
649 3299 749 3346 sine
778 3292 942 3344 tribus.
972 3293 1433 3355 Cnruuolurnzu,

420 3376 515 3449 qui
550 3374 693 3427 huuc
730 3370 887 3425 Plinii
930 3370 1104 3423 locum
1146 3370 1433 3433 recensuit,

423 3453 614 3511 theatri
636 3449 883 3505 Curionis
918 3446 1216 3505 illustrandi
1252 3466 1433 3513 cause,

423 3532 558 3605 apud
572 3532 777 3603 pensiles
806 3530 979 3593 tribus,
1004 3528 1161 3599 paulo
1184 3525 1435 3581 audacius

424 3610 751 3668 emendabat.
778 3609 862 3664 Cf.
886 3608 1131 3661 Μόαοὶηε
1150 3606 1209 3657 de
1228 3605 1434 3660 1‘Acad.

426 3692 507 3743 du
527 3692 679 3742 Imcr.
709 3702 838 3741 tom.
866 3688 1082 3750 XXIII,
1118 3704 1174 3757 p.
1204 3686 1335 3755 378.
1358 3685 1435 3737 Ex

430 3770 575 3827 Brot.
598 3782 709 3823 not.
732 3766 799 3821 αἱ
820 3767 875 3821 h.
898 3766 999 3819 loc.
1032 3766 1137 3819 Eu.

509 3848 605 3921 75.
638 3846 811 3915 Qualis
842 3848 919 3899 bic
954 3850 1003 3897 in
1028 3846 1249 3897 Rom-is?
1278 3842 1438 3896 Unde

428 3927 681 3981 nimirum
718 3926 1167 3981 concionabantur
1202 3921 1435 3987 tribuni,

430 4006 774 4075 consulesque
796 4004 867 4063 sd
905 4005 1183 4075 populum.
1224 4002 1437 4069 Qualis,

1619 2838 1709 2889 77.
1769 2821 1988 2874 Duabus.
2049 2824 2194 2875 Brot.
2255 2846 2319 2878 ex
2379 2828 2530 2883 MSS.

1520 2900 1677 2970 lte-gg.
1703 2911 1754 2951 et
1774 2898 1901 2952 edit.
1923 2900 2183 2972 principe,
2203 2904 2396 2957 diversit
2414 2908 2533 2959 dua-

1519 2978 1632 3041 bus,
1658 2990 1758 3031 etc.
1787 2979 1890 3032 En.

1600 3059 1694 3124 78.
1721 3058 1822 3109 Per
1849 3058 2049 3111 medium
2073 3064 2238 3114 scenis.
2260 3063 2325 3116 In
2355 3064 2532 3121 medio

1519 3136 1923 3207 amphitheatro.
1941 3136 2120 3191 Hau.

1600 3234 1694 3285 79.
1715 3216 1974 3289 stuprisque
1985 3224 2275 3273 econtrario.
2297 3224 2531 3294 Raptim·

1519 3312 1622 3365 que
1663 3294 1895 3349 excitatis
1927 3308 2107 3351 contra
2145 3300 2384 3354 medium
2423 3322 2529 3355 am·

1517 3372 1806 3445 phitheatri
1837 3376 2057 3445 pulpitis
2077 3376 2286 3433 duobus
2300 3420 2314 3443 ‚
2337 3394 2434 3433 etc.
2457 3382 2526 3433 Η.

1599 3454 1690 3505 80.
1733 3454 1954 3523 pulpitis.
1982 3456 2256 3528 pulpitum
2287 3460 2432 3511 locus
2453 3472 2529 3510 est

1517 3543 1640 3584 ante
1665 3550 1871 3585 scenam
1899 3533 2110 3601 editior,
2142 3538 2198 3589 in
2223 3554 2334 3606 quo
2359 3538 2530 3590 omnis

1517 3612 1773 3665 comedia
1805 3612 2066 3667 recitatur.
2105 3614 2304 3666 Plinius
2328 3614 2530 3681 junior,

1519 3688 1658 3743 libro
1699 3692 1802 3757 lv,
1848 3692 1999 3762 epist.
2033 3692 2102 3743 25
2147 3710 2161 3741 ε
2210 3716 2233 3737 ι
2268 3690 2400 3743 Inde
2435 3692 2530 3747 ista

1521 3768 1780 3835 ludibria,
1807 3787 1957 3824 scena
1981 3781 2033 3821 et
2067 3769 2274 3838 pulpito
2293 3767 2468 3839 dignu.
2502 3798 2525 3821 ιι

1523 3848 1609 3900 Ibi
1643 3862 1844 3903 actores
1874 3848 2124 3921 gerebant
2152 3859 2342 3918 partes.
2363 3850 2432 3904 H.
2454 3882 2536 3894 -

1531 3928 1748 3979 Victores
1791 3940 1839 3978 e·
1858 3926 2213 3997 gladiatoribus
2259 3933 2356 3981 suis
2392 3932 2532 4001 prod.

1525 4006 1776 4060 Iunuum
1799 4024 1922 4059 saue
1951 4005 2054 4059 fuit
2078 4024 2267 4060 munus
2298 4008 2430 4062 illud
2456 4030 2538 4064 ce·

2568 2346 2633 2397 ¹7
