2975 4684
1132 303 1431 369 LIBER
1480 245 1788 370 xiixv.
2379 298 2512 391 295

519 435 641 502 IX.
686 432 815 500 Sed
858 431 1251 525 praecipuam
1292 432 1748 502 auctoritatem
1795 430 1948 500 fecit
1983 425 2243 522 publice
2284 430 2518 499 tabulis
2559 463 2582 496 1

417 541 635 608 Caesar
671 538 985 622 dictator,
1012 537 1209 629 Ajace
1244 551 1313 604 et
1336 536 1576 606 Medea
1599 534 1614 558 ¹
1656 549 1809 604 ante
1847 535 2125 604 Veneris
2151 535 2524 604 Genetricis
2669 530 2685 540 ⁸

418 641 621 710 aedem
640 640 661 666 ²
699 641 949 711 dicatis.
992 643 1148 711 Post
1183 666 1335 710 eum
1376 643 1476 708 M.
1505 641 1831 760 Agrippa,
1866 639 1968 706 vir
2000 637 2349 707 rusticitati
2383 665 2526 732 pro·

418 748 564 840 pior
603 771 801 865 quain
834 744 1095 816 deliciis.
1142 749 1383 816 Exstat
1418 760 1597 814 certe
1633 746 1774 838 ejus
1805 744 2018 812 oratio
2043 742 2432 860 magnifica,
2459 761 2528 813 et

420 853 711 931 maximo
738 852 983 920 civium
1025 849 1264 946 digna,
1308 851 1392 920 de
1428 849 1669 922 tabulis
1711 847 2018 920 omnibus
2051 849 2380 942 signisque
2416 874 2528 943 pu·

418 941 774 1026 blicandis³
811 955 1047 1048 :quod
1094 955 1236 1025 fieri
1290 957 1494 1026 satius
1535 956 1805 1041 fuisset,
1849 977 2046 1046 quam
2098 953 2165 1018 in
2222 953 2528 1023 villarum

420 1060 639 1130 exsilia
666 1058 837 1154 pelli.
858 1063 1111 1129 Verum
1140 1060 1370 1130 eadem
1396 1059 1508 1129 illa
1539 1061 1816 1129 torvitas
1843 1055 2102 1128 tabulas
2136 1055 2298 1126 duas
2318 1058 2529 1151 Ajacis

420 1180 487 1233 et
498 1167 775 1234 Veneris
802 1181 1091 1236 mercata
1114 1180 1214 1236 est
1242 1189 1283 1233 a
1315 1167 1654 1259 Cyzicenis
1683 1189 1748 1232 x.
1782 1150 1923 1232 111⁴.
1956 1164 2038 1228 In
2054 1153 2528 1232 Thermarum⁴

420 1293 680 1362 quoque
720 1269 1111 1338 calidissima
1152 1283 1340 1363 parte
1392 1269 1834 1338 marmoribus
1891 1249 2241 1335 incluserat
2295 1289 2530 1358 parvas

423 1373 691 1444 tabellas
710 1426 731 1460 ‚
758 1372 961 1467 paulo
984 1388 1138 1446 ante
1171 1398 1377 1465 quum
1402 1373 1860 1459 reficerentur,
1896 1369 2203 1443 sublatas.

526 1482 611 1546 X.
648 1481 863 1571 Super
900 1501 1129 1545 omnes
1164 1476 1357 1546 divus
1397 1478 1788 1570 Augustus‘
1772 1501 1838 1544 ιιι
1881 1473 2060 1542 foro'
2109 1498 2232 1542 suo
2259 1473 2534 1542 celeber-
2575 1503 2598 1536 ι

424 1585 593 1651 rima
650 1584 719 1648 in
784 1595 973 1674 parte
1024 1581 1243 1674 posuit
1290 1580 1545 1650 tabulas
1611 1581 1810 1666 duas,
1879 1603 2023 1672 quae
2086 1576 2238 1646 belli
2295 1579 2534 1671 pictam

423 1687 655 1756 faciem
674 1684 923 1755 habent
943 1699 1008 1752 et
1030 1684 1494 1779 triumphum&
1519 1685 1706 1754 Idem
1730 1688 2036 1754 Castores
2069 1707 2147 1751 ac
2170 1685 2532 1751 Victoriam

422 1791 673 1884 posuit,
694 1804 761 1858 et
776 1813 937 1883 quas
964 1789 1256 1860 dicemus
1286 1789 1408 1858 sub
1434 1790 1763 1860 artificum
1796 1801 2152 1872 mentione,
2165 1812 2234 1856 ιιι
2286 1786 2534 1880 templo

502 2008 599 2060 IX.
646 2025 695 2059 1.
727 2009 887 2077 Asace
924 2020 973 2058 ee
1006 2009 1199 2060 Medea.
1248 2011 1437 2080 Auigit

424 2088 526 2139 hoc
542 2089 649 2157 jem
670 2098 825 2139 antea
842 2087 1064 2151 Plinius,
1084 2087 1212 2151 vn,
1233 2087 1324 2156 39,
1342 2089 1435 2140 ubi

424 2164 553 2218 duas
572 2164 684 2216 illas
697 2165 899 2218 tabulas
912 2186 941 2218 a
959 2166 1163 2218 Caesare
1181 2165 1436 2219 dictatore

426 2254 623 2314 emptas
648 2244 911 2314 octoginta
937 2242 1171 2306 talentis,
1200 2263 1293 2297 seu
1318 2245 1440 2296 Gal-

425 2322 542 2374 lico
584 2334 839 2391 moneta,
878 2334 939 2374 ut
979 2322 1053 2375 ait
1102 2323 1253 2376 Brot.
1292 2323 1439 2376 libris

432 2397 697 2468 373‚500.
720 2401 827 2452 En.

515 2495 563 2527 a.
597 2477 730 2530 Ante
758 2479 957 2530 Veneris
982 2478 1253 2532 Genetricis
1273 2479 1438 2531 oedem.

430 2555 661 2626 Regione
708 2556 871 2610 Urbis
922 2569 1120 2610 octava.
1182 2557 1327 2622 Quid
1376 2558 1445 2610 sit

436 2627 493 2678 V
486 2651 598 2686 etms
622 2633 854 2689 Genetrix
880 2635 1112 2688 diximus
1136 2636 1204 2689 ad
1230 2637 1327 2689 lib.
1356 2636 1413 2687 11
1428 2675 1445 2701 ‚

428 2731 549 2784 pag.
573 2713 666 2780 89.
692 2715 875 2766 Han.

512 2789 567 2844 3.
596 2789 853 2862 Signisque
878 2791 1197 2860 publicandis.
1244 2793 1305 2843 In
1341 2809 1446 2861 pu·

428 2869 575 2922 blico
593 2868 932 2938 exponendis.
953 2867 1134 2921 Ηιιιι).

516 2951 567 3007 6.
593 2947 667 2998 Χ.
694 2947 795 2998 111.
818 2947 896 2999 lta
922 2945 1076 3000 Mss.
1106 2964 1304 3000 omnes.
1331 2945 1448 3000 Hoc

431 3037 542 3089 est,
562 3024 837 3078 denarium
858 3023 1027 3078 tribus
1043 3025 1275 3079 millibus
1299 3044 1312 3076 =
1338 3025 1449 3080 sive

432 3102 577 3176 quod
604 3102 744 3156 idem
780 3116 889 3167 est,
914 3103 1209 3158 sestertium
1244 3101 1449 3156 duode-

434 3183 517 3236 nis
551 3181 805 3236 millibus.
839 3140 907 3234 Ii.
932 3213 1011 3223 —
1040 3183 1115 3234 Χ.
1154 3183 1257 3234 III.
1301 3182 1447 3235 Brot-

434 3261 759 3350 superposita
782 3261 994 3324 lineola,
1015 3261 1090 3312 Χ.
1112 3245 1336 3322 1TI,hoc
1353 3272 1450 3324 est,

1605 2032 1656 2064 a.
1699 2010 1833 2062 Bell·
1856 2012 2038 2078 pictam
2055 2009 2236 2075 faeiem
2271 2008 2449 2060 habent
2491 2024 2538 2062 et

1523 2089 1824 2159 triumphum.
1839 2087 1961 2140 Post
1971 2087 2244 2140 victoriam
2255 2088 2535 2141 Actiacam.

1521 2169 1602 2219 De
1636 2167 1780 2219 hisce
1813 2166 2005 2218 tabulis
2039 2177 2255 2234 totoque
2279 2166 2538 2236 triumphi

1524 2257 1776 2315 apparatu
1821 2233 1956 2308 Dio,
1977 2245 2080 2308 LI,
2108 2262 2162 2312 p.
2207 2241 2337 2312 459.
2371 2244 2440 2294 Η.
2461 2273 2536 2286 --

1525 2323 1658 2376 Belli
1669 2323 1804 2391 faeie
1803 2341 1847 2372 m
1867 2328 2066 2391 pictam.
2084 2321 2172 2375 Sic
2197 2322 2352 2376 MSS.
2375 2323 2534 2392 Regg.

1526 2415 1580 2454 et
1600 2401 1730 2456 edit.
1759 2402 2026 2471 princeps.
2058 2401 2189 2452 Dum
2213 2401 2318 2454 illae
2345 2399 2537 2452 tabulae

1527 2492 1676 2532 eram
1696 2479 1914 2546 Apellis,
1928 2494 1986 2532 ut
2003 2479 2140 2530 infra
2155 2477 2419 2532 diceturc.
2443 2479 2534 2532 36.

1527 2559 1608 2610 De
1657 2557 1783 2610 belli
1837 2568 2012 2611 autem
2062 2557 2238 2610 tabula
2279 2558 2536 2614 Servius:

1535 2661 1558 2683 ι
1589 2639 1652 2687 In
1677 2635 1794 2691 soro
1820 2634 2040 2704 Augusti
2063 2637 2452 2690 introeuntibus
2473 2635 2541 2694 ad

1527 2715 1790 2768 sinistram
1833 2714 1933 2766 fuit
1973 2712 2172 2764 bellum
2213 2715 2445 2783 pictum,
2491 2727 2544 2768 et

1529 2793 1702 2846 Furor
1740 2789 1924 2844 sedens
1965 2787 2134 2860 super'
2169 2810 2342 2856 arms,
2387 2794 2542 2846 aneis

1529 2871 1738 2923 vinctus
1751 2907 1769 2932 ‚
1787 2889 1851 2922 eo
1870 2869 2054 2922 habitu
2073 2887 2180 2938 quo
2207 2881 2368 2939 poeta
2385 2869 2542 2924 dixit.

1531 2949 1684 3002 Illam
1717 2949 1858 3000 enim
1897 2947 2124 3000 tabulam
2165 2949 2424 3018 'Virgilius
2450 2966 2540 3000 ex·

1531 3027 1718 3098 pressit
1735 3025 2014 3091 AEneid.1,
2036 3043 2175 3116 ²9¹.·'
2201 3025 2370 3080 ..diro
2401 3027 2544 3080 ferro

1533 3119 1587 3158 et
1631 3105 1972 3174 compagibus
2017 3103 2178 3156 arctis
2217 3105 2548 3163 claudentur

1532 3183 1662 3236 belli
1703 3196 1894 3254 portae.
1943 3183 2116 3236 Furor
2163 3183 2358 3256 impius
2407 3186 2548 3238 intus

1535 3263 1682 3318 Saeva
1706 3260 1892 3314 sedens
1903 3277 2064 3332 super
2077 3279 2247 3327 arms,
2264 3277 2318 3317 et
2335 3276 2544 3317 centum

436 3352 517 3394 ter
535 3338 772 3392 centenis
792 3337 1065 3392 denarium
1093 3337 1341 3402 millibus,
1360 3357 1453 3394 seu
1535 3341 1744 3394 vinctus
1772 3341 1955 3393 ahenis
1985 3339 2110 3393 Post
2136 3354 2342 3412 tergum
2369 3341 2546 3401 nodis,

438 3417 652 3471 Gallicae
664 3429 887 3470 moneta
900 3417 1047 3472 libris
1060 3438 1089 3470 a
1100 3435 1127 3469 α
1138 3419 1169 3470 8
1178 3456 1193 3481 ,
1207 3418 1275 3479 43
1284 3435 1313 3485 7
1322 3419 1447 3470 ‚Ea

519 3496 571 3548 5.
613 3496 672 3548 In
708 3497 1047 3558 Thermarum,
1082 3508 1181 3548 etc.
1204 3495 1451 3547 Thermo

440 3586 559 3626 sunt
574 3575 829 3645 Agrippa
845 3612 862 3637 ,
893 3593 1011 3644 qun
1030 3575 1088 3626 in
1114 3573 1327 3644 regione
1346 3573 1451 3631 Ur-

441 3652 521 3704 bis
550 3671 689 3705 nona
715 3653 882 3706 fuere.
903 3653 1071 3706 Bnor.

520 3731 587 3782 X.
623 3750 671 3784 ι.
720 3733 775 3782 In
790 3731 928 3799 soro.
968 3731 1163 3786 Forum
1205 3731 1451 3800 Augusti,

442 3808 497 3860 in
524 3809 741 3880 regione
767 3809 933 3862 Urbis
953 3821 1153 3862 octava.
1178 3809 1451 3861 H.-Vet.

448 3885 585 3960 apud
610 3889 723 3940 Dal.
754 3894 803 3940 in
820 3889 926 3956 sori
944 3893 1021 3941 εισι·
1042 3887 1127 3939 cel.
1144 3900 1301 3960 parte.
1329 3889 1430 3943 En.

1538 3417 1727 3475 fremet
1745 3417 1993 3474 horridus
2025 3435 2120 3478 ore
2147 3433 2438 3474 cruento.-
2465 3418 2550 3470 Al-

1541 3509 1652 3550 tera
1671 3497 1851 3550 tabula
1874 3511 1996 3550 erat
2008 3497 2304 3552 Alexander
2317 3499 2370 3548 in
2387 3514 2548 3548 curru

1540 3576 1888 3646 triumphans.
1922 3577 2089 3629 Bnor.

1622 3656 1675 3711 3.
1711 3657 1770 3708 ln
1804 3656 1974 3725 templo
2007 3655 2228 3708 Casan-is.
2263 3653 2322 3702 P.
2359 3651 2550 3724 Via-301·

1540 3733 1594 3786 in
1623 3731 1792 3786 deser.
1835 3735 2049 3796 Romae,
2079 3730 2291 3798 regione
2318 3737 2498 3780 octava
2532 3748 2545 3777 ε

1545 3812 1852 3882 «Templum
1872 3811 2002 3864 sulii
2021 3807 2240 3862 Casan-is
2259 3807 2312 3858 in
2335 3807 2490 3858 Foro.
2519 3829 2540 3851 n

1543 3891 1721 3948 Henn-

2133 3979 2264 4076 ¹9⁴
