2975 4684
456 305 549 408 36

988 335 1068 405 C.
1112 337 1461 438 ·P,LINII
1505 335 1726 405 NAT.
1781 337 2034 404 HIST.

458 470 762 542 salutaris
784 481 1050 538 exortus
1078 469 1485 600 Vespasiani
1507 471 1922 563 imperatoris
1961 467 2279 558 abolevit,
2321 471 2588 566 aequali-

457 595 559 648 ter
598 573 1001 672 publicando
1042 573 1457 670 ‘principem'

358 769 365 772 ,
457 709 581 754 usu
608 684 930 751 hactenus
959 679 1207 750 dictum
1240 683 1339 750 sit.

1492 578 1660 644 ,De
1705 573 1920 645 anulis
1967 577 2183 646 aureis
2223 602 2589 674 eorumque

564 791 749 858 ΧΙΠ.
788 785 1205 856 Proximum¹
1238 785 1449 856 scelus
1482 787 1638 857 fecit
1657 789 1820 883 ‚qui
1859 789 2112 919 primus
2151 814 2232 858 ex
2269 814 2436 859 auro
2475 791 2588 860 de-

456 892 750 964 narium²
804 895 1141 988 signavit:
1182 893 1360 988 quod
1394 909 1463 962 et
1509 896 1722 989 ipsum
1767 880 1958 964 laten?
2003 910 2275 964 auctore
2311 899 2586 968 incerto.

453 1000 747 1096 Populus
796 1024 1110 1068 romanus
1157 1025 1241 1068 ne
1283 1015 1562 1094 argento
1599 1001 1862 1096 quidem
1901 1003 2192 1130 signat0,
2235 1016 2388 1072 ante
2429 1007 2592 1099 Pyr-

454 1105 653 1176 rhum
674 1093 697 1138 ⁴

452 1299 833 1359 peragerentur
866 1285 903 1338 ii
932 1286 1023 1356 qui
1050 1305 1163 1337 non
1197 1287 1481 1358 impetrata

458 1369 558 1420 hac
585 1365 772 1432 venia,
808 1365 1066 1437 principis
1099 1366 1387 1436 imaginem
1422 1367 1479 1418 in

454 1445 617 1500 anulo
644 1465 708 1498 ex
731 1464 865 1498 auro
892 1458 1172 1516 gestarent.
1206 1446 1325 1510 Qua
1362 1463 1482 1498 cau-

455 1526 601 1579 tione
620 1524 877 1596 principis
902 1527 1079 1595 imago
1112 1537 1227 1577 tum
1254 1537 1482 1579 tractan-

454 1605 523 1660 da
552 1607 721 1670 foret,
750 1603 872 1657 vide
896 1604 1040 1676 apud
1065 1604 1283 1658 Sueten.
1308 1607 1365 1658 in
1394 1606 1482 1658 Ti-

453 1687 635 1744 berio,
678 1703 795 1755 cap.
818 1703 998 1738 .1.v111.
1014 1683 1157 1736 Vide
1192 1697 1245 1737 et
1270 1685 1480 1738 Gotho-

453 1763 591 1819 sred.
618 1765 673 1816 in
702 1761 837 1815 cod.
866 1761 1075 1815 Theod.
1093 1763 1187 1814 lib.
1220 1765 1319 1827 IX,
1345 1776 1382 1815 t.
1407 1783 1471 1816 21

454 1843 527 1896 de
554 1843 679 1896 falsa
718 1842 964 1899 Moneta,
992 1841 1085 1892 lib.
1124 1843 1233 1904 lx,
1256 1859 1310 1910 p.
1350 1860 1477 1911 179.

456 1924 641 1976 Hum.
678 1949 756 1962 —-·
798 1919 992 1988 Magna
1048 1923 1297 1971 criminum
1344 1941 1481 1971 occa-

454 2006 603 2054 sione.
626 2001 767 2053 Tum
796 1997 1045 2052 adversus
1070 2018 1161 2052 eos
1201 1998 1293 2070 qui
1331 2000 1481 2070 prin·

457 2081 591 2153 cipis
616 2078 897 2151 imaginem
914 2117 929 2142 ‚
948 2097 1057 2131 non
1089 2077 1213 2131 dato
1231 2080 1351 2148 jure
1374 2079 1482 2131 fer-

457 2173 617 2222 rent,
675 2171 822 2224 tum,
874 2157 957 2210 vel
1008 2156 1135 2210 dato
1185 2159 1334 2228 jure,
1388 2157 1482 2230 qui

458 2242 659 2294 ferrent
698 2239 813 2292 sine
842 2236 1021 2289 debita
1056 2237 1292 2308 principi
1337 2257 1485 2291 reve-

458 2321 645 2374 rentia.
672 2321 735 2372 In
761 2314 1098 2371 recensendis
1130 2317 1213 2369 his
1242 2317 1483 2370 crimini-

460 2402 561 2453 bus
590 2401 841 2470 frequens
868 2409 946 2449 est
968 2396 1201 2449 Tacitus.
1232 2397 1398 2451 Bnor.

546 2499 573 2531 2
589 2499 610 2532 1
624 2519 637 2531 .
664 2478 952 2550 AEqemliter
983 2475 1275 2546 publicando
1303 2481 1486 2548 princi-

454 2578 581 2629 pem.
602 2559 735 2609 Data
754 2575 817 2608 ex
836 2573 989 2647 aequo
1004 2555 1255 2608 omnibus
1269 2557 1483 2626 publice

464 2638 615 2690 venia
644 2635 861 2707 gerendi
882 2635 1143 2707 principis
1163 2635 1481 2706 imaginem,

462 2719 709 2789 etipsum
740 2713 994 2768 adeundi.
1022 2715 1201 2768 Hnm.

542 2797 697 2850 XIII.
739 2816 789 2849 1.
822 2795 1119 2848 Proximum.
1149 2793 1481 2848 «Pessimum

464 2876 583 2930 vitae
610 2877 781 2930 scelus
802 2874 957 2940 fecit,
978 2888 1038 2927 ut
1067 2875 1180 2944 ipse
1201 2871 1487 2927 admonuit

464 2974 580 3027 cap.
614 2963 644 3016 6
665 2995 681 3022 ‚
715 2955 809 3026 qui
844 2953 1053 3025 primus
1086 2971 1275 3006 aurum
1305 2953 1483 3024 digitis

464 3035 641 3087 induit
662 3055 676 3088 ι
709 3061 730 3084 n
759 3052 902 3088 nunc
920 3038 1189 3104 proximum
1211 3033 1278 3085 ab
1306 3052 1370 3086 eo
1391 3053 1487 3084 sce-

468 3117 541 3166 lus
577 3117 755 3182 secisse
800 3113 1061 3182 arguitur,
1104 3141 1125 3161 ·
1143 3111 1237 3184 qui
1281 3115 1486 3184 primns

466 3194 741 3247 denarium
768 3213 831 3246 ex
862 3213 991 3245 auro
1018 3193 1263 3263 signavit.
1286 3217 1309 3238 ι
1330 3193 1404 3247 Η.

549 3295 600 3327 2.
629 3275 715 3326 Ea:
738 3293 860 3324 auro
882 3273 1146 3325 denarium.
1174 3273 1392 3325 Nummi
1420 3291 1485 3326 ex

467 3373 597 3407 auro
628 3353 832 3406 denarii
859 3371 1072 3424 quoque
1094 3351 1363 3423 appellati.
1388 3353 1488 3406 Pe·

470 3447 607 3487 tron.
636 3435 807 3503 Satyr.
832 3453 885 3503 p.
916 3437 1018 3486 106
1049 3451 1062 3485 :
1100 3460 1121 3480 ι
1146 3433 1254 3484 Pro
1274 3431 1489 3484 calculis

466 3515 599 3568 albis
620 3533 679 3567 ac
704 3513 869 3582 nigris
888 3531 1075 3564 aureos
1110 3523 1487 3582 argenteosque

466 3593 693 3648 habebat
726 3591 986 3644 denarios.
1016 3617 1037 3638 ι
1068 3591 1137 3644 Et
1176 3609 1297 3661 pag.
1335 3594 1440 3642 160
1466 3608 1481 3641 ε

474 3701 496 3722 ι
518 3675 643 3727 Non
668 3673 923 3725 habemus
950 3669 1156 3723 aedilem
1188 3670 1349 3722 trium
1367 3689 1489 3723 cau-

464 3772 745 3807 nearum...
776 3751 898 3823 plus
934 3749 991 3803 in
1018 3749 1106 3802 die
1136 3768 1483 3802 nummorum

463 3834 689 3904 accipit,
730 3851 889 3906 quam
928 3831 1061 3883 alter
1102 3829 1483 3900 patrimonium

462 3909 639 3966 habet.
664 3915 784 3967 Jam
813 3911 923 3966 scio
942 3909 1209 3980 acceperit
1240 3907 1485 3962 denarios

437 3989 610 4044 ‘mille
660 4011 865 4045 aureos.
896 4017 919 4038 ι
970 3989 1269 4062 Didymus:
1312 3989 1391 4042 Τὰ
1422 3984 1482 4042 δὲ

745 1130 968 1200 regem
1020 1105 1357 1175 devictum
1395 1131 1554 1176 usus
1590 1121 1708 1176 est.
1746 1093 2076 1177 Librales⁵

2113 1097 2141 1201 (
2171 1109 2349 1178 unde
2389 1111 2589 1180 etiam

1565 1286 1700 1355 χίλια
1731 1289 2006 1356 ρηστέρτια,
2046 1289 2178 1339 ποιεῖ
2211 1282 2448 1340 διακόσια
2473 1307 2594 1341 πιν-

1569 1367 1788 1423 τήκοντα
1833 1363 2047 1434 δηνάρια
2101 1369 2300 1438 ἀργυρᾶ·
2354 1363 2484 1420 δέκα
2526 1364 2587 1420 δὲ

1567 1449 1753 1517 χρυσᾶ,
1796 1447 1912 1517 ὅπερ
1951 1448 2194 1519 νούμμους
2221 1449 2358 1516 φασί.
2396 1447 2592 1500 «Mille

1567 1526 1793 1580 sestertii
1824 1526 2062 1579 efficiunt
2095 1545 2190 1579 cct.
2227 1526 2470 1580 denarios
2505 1545 2591 1580 ar·

1567 1619 1814 1676 gentem,
1856 1607 1968 1658 sive
2001 1605 2184 1658 decem
2221 1605 2470 1660 denarios
2495 1623 2592 1658 au·

1567 1703 1713 1750 reos,
1753 1685 1899 1758 quod
1935 1701 1990 1739 et
2031 1687 2174 1738 mille
2212 1705 2458 1739 nummos
2495 1703 2592 1738 vo-

1569 1778 1754 1817 cant.-
1809 1765 2011 1817 Plinius
2060 1767 2176 1836 ipse
2213 1765 2445 1838 denique
2491 1765 2590 1819 lib.

1569 1843 1831 1907 XXXIV,
1878 1861 1991 1914 cap.
2050 1863 2138 1912 17,
2175 1845 2473 1915 Lysippum
2519 1844 2594 1898 ait

1569 1920 1780 1972 solitum
1833 1940 1932 1990 pro
1977 1922 2292 1992 manipretio
2333 1926 2592 1995 cujusque

1569 1999 1705 2070 signi
1729 2037 1745 2061 ‚
1775 1997 1921 2070 quod
1963 2001 2076 2071 ipse
2095 2001 2402 2065 conflabat,
2437 2005 2598 2072 sepo·‘

1568 2098 1695 2132 nere
1737 2078 1972 2148 singulos
2006 2079 2250 2132 denarios
2289 2099 2495 2134 aureos.
2523 2081 2594 2135 Et

1568 2159 1664 2210 lib.
1695 2158 1994 2223 XXXVII,
2025 2177 2145 2230 cap.
2179 2159 2232 2226 3,
2263 2185 2286 2207 ι
2315 2179 2409 2214 sex
2431 2157 2594 2214 dena-

1569 2238 1662 2290 riis
1678 2238 1868 2290 aureis.
1893 2265 1914 2285 a
1941 2239 2124 2291 Hsnn.

1653 2317 1705 2368 3.
1739 2318 1890 2386 Quod
1911 2331 1960 2370 ee
1981 2322 2071 2390 ips.
2097 2319 2232 2372 latet.
2261 2317 2474 2374 Primus
2503 2339 2593 2373 cu-

1573 2395 1760 2450 dendae
1783 2417 1845 2450 ex
1865 2417 1994 2450 auro
2023 2411 2247 2452 moneta·
2270 2401 2388 2470 quis
2407 2413 2594 2452 auctor

1570 2477 1855 2541 exstiterit,
1887 2477 2042 2530 etiam
2073 2477 2212 2549 apud
2245 2491 2488 2542 exteros,
2513 2480 2590 2532 la·

1574 2569 1661 2607 tet.
1700 2559 1931 2610 Aureum
1971 2570 2385 2630 argenteumque
2433 2577 2592 2611 num·

1570 2653 1714 2686 mum
1761 2636 1947 2708 Lydos
1982 2639 2214 2709 primum
2253 2638 2586 2703 conflavisse,

1496 2753 1506 2760 -
1571 2727 1752 2767 auctor
1793 2729 1870 2769 est
1903 2716 2155 2770 lierodot.
2203 2717 2351 2781 Clio,
2387 2719 2485 2771 lib.
2535 2721 2590 2783 Ι,

1569 2813 1718 2847 num.
1749 2801 1838 2862 94.
1871 2795 2050 2849 Ham).

1655 2881 1705 2938 4.
1743 2877 1874 2926 Ante
1893 2876 2192 2946 Pyrrhum...
2216 2876 2466 2929 devictum.
2499 2878 2592 2930 Est

1570 2965 1745 3006 autem
1783 2953 2027 3009 devictus
2063 2975 2203 3009 anno
2243 2956 2408 3009 Urbis
2449 2964 2593 3027 479,

1575 3046 1631 3086 ut
1663 3033 1896 3088 diximus
1919 3035 2015 3088 lib.
2035 3035 2201 3100 vm,
2229 3053 2344 3104 cap.
2367 3038 2422 3089 6.
2438 3033 2507 3087 Η.

1657 3114 1708 3166 5.
1739 3115 1976 3166 Librales.
2010 3115 2194 3185 Usque
2223 3114 2289 3167 ad
2321 3114 2593 3185 Pyrrhum

1573 3191 1861 3258 devictum,
1885 3193 2090 3264 inquit,
2115 3194 2280 3246 immo
2302 3206 2355 3246 et
2375 3207 2497 3266 post
2525 3196 2595 3248 il-

1574 3272 1667 3325 lud
1709 3285 1919 3343 tempus
1949 3273 2254 3344 aliquanto,
2291 3291 2346 3326 as
2383 3274 2486 3327 fuit
2527 3275 2595 3328 li·

1573 3351 1708 3404 brali
1739 3351 2004 3422 pondere,
2041 3371 2104 3405 ex
2145 3371 2276 3417 aare,
2312 3353 2422 3406 sive
2453 3351 2594 3407 duo·

1574 3429 1746 3484 decim
1763 3432 2034 3485 unciarum
2057 3451 2070 3484 z
2093 3444 2250 3505 atque
2265 3431 2396 3486 adeo
2411 3435 2594 3487 semis-

1575 3512 1662 3577 sis,
1680 3529 1766 3563 sex
1789 3512 2067 3564 unciarum
2091 3531 2104 3566 :
2127 3513 2306 3576 triens,
2323 3527 2554 3586 quatuor
2575 3533 2590 3568 :

1575 3589 1842 3664 quadrans
1897 3591 2055 3644 trium
2093 3614 2104 3644 :
2161 3607 2366 3646 sextans
2384 3633 2400 3658 ‚
2445 3595 2597 3666 cujus

1576 3671 1778 3726 mentio
1801 3671 2022 3726 inferius
2051 3691 2166 3746 cap.
2207 3677 2278 3738 48
2299 3707 2315 3733 ‚
2342 3671 2593 3727 duarum.

1575 3753 1730 3804 Asses
1789 3751 1994 3805 libriles
2065 3753 2298 3824 appellat
2341 3753 2596 3806 Volusius

1573 3829 1862 3885 Maecianus
1879 3871 1895 3896 ,
1917 3851 2037 3904 pag.
2065 3835 2197 3887 881.
2226 3831 2404 3884 schol.
2431 3832 2598 3886 Persii

1572 3909 1642 3962 ad
1672 3910 1846 3986 Satyr.
1875 3912 1960 3964 11:
1997 3911 2158 3964 «Fuit
2179 3919 2354 3964 autem
2381 3910 2505 3966 assis
2533 3911 2598 3963 li-

1575 3990 1766 4062 bralis,
1805 4005 1856 4045 et
1887 3988 2196 4062 dupondius
2225 4011 2236 4040 :
2267 3994 2410 4060 quod
2431 3988 2594 4044 hodie
2679 4023 2684 4030 ·
