2975 4684
1141 437 1457 508 LIBER
1516 442 1840 510 XXXV.

426 570 901 668 Asclepiodoro
936 571 1019 642 de
1061 575 1383 644 mensuris
1395 571 1472 660 ⁹⁸,
1507 575 1638 644 hoc

422 679 673 750 distare
700 678 990 770 deberet.

2413 439 2506 511 33

1682 587 1818 661 est,
1859 586 2110 667 quanto
2146 573 2305 666 quid
2339 597 2380 642 a
2421 467 2556 670 qu?

532 787 784 860 scitum
838 799 939 854 est
958 835 976 870 ‚
1044 786 1218 854 inter
1257 787 1698 881 Protogenem
1750 797 1818 853 et
1867 808 2020 854 eum
2065 785 2244 878 quod
2293 785 2554 856 accidit.
2599 819 2662 869 19

429 888 543 968 Ille
566 890 789 960 Rhodi
812 891 1076 960 vivebat
1097 916 1113 958 ε
1134 915 1268 986 quo
1290 917 1498 986 quum
1521 889 1783 985 Apelles
1813 890 2304 985 adnavigasset,
2327 891 2559 962 avidus

426 996 867 1090 cognoscendi
898 1021 1103 1092 opera
1130 997 1479 1092 ejus-fama
1507 1010 1763 1066 tantum
1793 997 1916 1066 sibi
1945 997 2222 1089 cogniti,
2239 999 2560 1069 continuo

428 1101 763 1172 officinam
788 1102 1057 1198 petiit⁹².
1082 1103 1331 1172 Aberat
1365 1105 1536 1198 ipse,
1565 1103 1678 1172 sed
1713 1100 2006 1172 tabulam
2039 1101 2273 1196 amploe
2301 1107 2558 1198 magni·-

426 1207 673 1279 tudinis
710 1212 781 1280 in
808 1195 1179 1280 machina&

1207 1223 1502 1304 aptatam
1531 1211 1840 1303 picturae,
1867 1231 2034 1276 anus
2071 1231 2200 1276 una
2224 1210 2559 1280 custodie-

426 1313 556 1384 bat.
585 1317 745 1386 Haec
768 1319 1208 1411 Protogenem
1228 1315 1389 1386 foris
1404 1338 1546 1385 esse
1561 1313 1940 1409 respondit:
1973 1315 2559 1409 interrogavitque,

427 1443 468 1488 a
495 1446 629 1514 quo
643 1423 989 1515 quaesitum
1002 1420 1273 1490 diceret.
1302 1450 1337 1484 c<
1352 1421 1450 1490 Ab
1466 1421 1630 1507 hoc,
1651 1449 1687 1484 n
1711 1419 1926 1513 inquit
1943 1417 2231 1514 Apelles:
2261 1435 2562 1514 arrepto-

428 1549 559 1620 que
606 1525 915 1620 penicillo
952 1525 1195 1594 lineam
1209 1512 1263 1564 ⁹⁴

1304 1550 1388 1596 ex
1422 1524 1646 1595 colore
1690 1525 1877 1594 duxit
1917 1549 2190 1620 summae
2232 1527 2565 1596 tenuitatis

430 1654 552 1725 per
601 1630 913 1700 tabulam.
960 1633 1255 1702 Reverso
1298 1633 1690 1725 Protogeni,
1727 1655 1874 1725 quae
1909 1645 2094 1725 gesta
2136 1645 2354 1716 erant,
2399 1655 2565 1700 anus

430 1735 763 1805 indicavit.
804 1739 1054 1811 Ferunt
1092 1737 1411 1809 artificem
1453 1737 1758 1844 protinus
1805 1735 2326 1831 contemplatum
2361 1737 2564 1807 subti-
2604 1777 2673 1813 ,ο

428 1917 738 1987 dispositione
766 1914 975 1970 cedebat.
1006 1919 1155 1970 Brot.
1203 1917 1449 1971 codicum

428 2013 593 2049 manu
623 2009 956 2052 exaratorum
1005 1997 1219 2068 vestigia
1258 2015 1453 2069 sequu-

430 2089 515 2128 tus
534 2111 549 2134 .
580 2076 833 2129 emendat
850 2115 867 2142 ‚
897 2077 1171 2130 Melanthio
1192 2077 1255 2128 de
1290 2077 1453 2148 dispo-

428 2157 600 2208 sitione
646 2157 859 2209 cedebat.
904 2155 1119 2211 Etenim
1168 2155 1449 2228 Amphion

430 2233 519 2287 ille
546 2234 723 2289 Plinio
758 2236 1071 2307 ceterisque
1102 2236 1452 2306 scriptoribus

422 2313 671 2384 ‘ignotum
696 2313 1059 2379 Quintilianus
1092 2334 1251 2381 vero,
1278 2316 1449 2369 Instit.

434 2391 649 2446 Orator.
670 2393 768 2449 lib.
794 2395 932 2458 XII,
960 2413 1079 2466 cap.
1120 2409 1220 2448 10=
1254 2419 1276 2442 ι
1306 2394 1453 2448 Cura

434 2470 781 2542 Protogenes,
814 2473 1020 2527 ratione
1059 2474 1369 2546 Pamphilus
1399 2485 1453 2527 et

436 2549 731 2604 Melanthius
759 2591 775 2616 ,
820 2553 1066 2606 facilitate
1112 2553 1417 2624 Antiphilus
1434 2592 1451 2619 ,

432 2628 647 2700 ingenio
672 2643 725 2684 et
748 2633 912 2702 gratia
929 2673 944 2699 ,
973 2651 1131 2704 quam
1172 2633 1229 2686 in
1260 2651 1318 2686 se
1337 2633 1453 2704 ipse

434 2711 659 2762 maxime
675 2713 837 2782 jactat
848 2749 865 2778 ,
884 2713 1091 2781 Apelles
1110 2725 1184 2764 est
1198 2724 1455 2782 prestan-

432 2786 678 2842 tissimus.
702 2816 725 2838 ι
759 2790 863 2844 En.

516 2884 549 2934 9
562 2885 609 2918 1.
640 2868 721 2918 De
747 2871 989 2920 mensuris.
1023 2869 1269 2922 Mensura
1284 2907 1301 2933 ,
1324 2887 1453 2940 pro-

434 2944 613 3015 portio
653 2958 766 3011 est,
813 2947 1291 3018 convenientiaque
1328 2965 1451 3018 par·-

434 3023 569 3076 tium
590 3041 731 3078 :non
754 3025 807 3078 in
826 3026 1081 3078 membris
1100 3025 1313 3098 quidem
1338 3045 1453 3081 cor·

432 3103 583 3176 poris
613 3104 793 3170 unius,
824 3102 916 3158 sed
944 3107 999 3158 in
1032 3117 1147 3158 toto
1171 3125 1363 3176 opere,
1388 3125 1451 3160 ae

434 3182 675 3254 partibus
720 3173 943 3238 tabellet.
982 3185 1185 3240 Plinius
1214 3186 1352 3240 infra
1381 3184 1451 3239 de

433 3261 536 3315 hoc
586 3263 701 3335 ipso
744 3263 1128 3334 Asclepiodoro
1154 3283 1167 3317 :
1199 3290 1223 3314 ι
1248 3265 1447 3320 Eadem

433 3354 584 3396 atate
607 3343 710 3397 fuit
731 3341 1167 3415 Asclepiodorus,
1196 3362 1355 3415 quem
1389 3346 1451 3398 in

418 3422 741 3491 ‘symmetria
775 3423 1140 3478 admirabatur
1166 3424 1397 3495 Apelles.
1416 3449 1441 3472 ι

434 3499 615 3554 Han.

516 3597 611 3648 9²·
644 3580 909 3652 officinam
940 3584 1097 3652 petiit.
1140 3581 1348 3635 Broter.
1386 3601 1452 3636 ex

434 3657 585 3712 MSS.
604 3661 769 3733 Regg.
793 3675 847 3718 et
862 3657 989 3714 edit.
1016 3663 1183 3732 princ.
1205 3659 1451 3731 ffciuans

428 3741 565 3806 petit.
586 3739 688 3794 En.

516 3819 609 3885 93.
636 3821 699 3872 In
721 3821 959 3872 machina.
990 3819 1056 3870 Le
1085 3821 1311 3873 chevalet.
1338 3819 1405 3874 Η.

519 3903 610 3965 94.
642 3897 852 3953 Limam.
883 3897 1099 3952 Linesm
1125 3917 1249 3953 cave
1268 3899 1450 3954 credas

440 3972 495 4024 in
527 3975 729 4044 pictura
755 3977 899 4034 idem
938 3997 1001 4034 ac
1040 3979 1096 4032 in
1130 3980 1447 4050 geometrice

432 4049 574 4118 esse,
598 4055 993 4129 longitudinem
1010 4060 1124 4112 siue
1146 4058 1447 4124 latitudine.

1539 1915 1634 1968 Est
1673 1915 1911 1986 penicilli
1940 1914 2168 1982 ductus,
2195 1935 2358 1988 quem
2387 1918 2566 1973 Greci

1539 1997 1772 2066 γραμμὴν
1791 2007 1984 2048 vocant
1995 2035 2012 2062 ,
2024 2009 2084 2049 ut
2096 1999 2293 2066 γραφεῖς
2315 1997 2566 2067 pictores,

1537 2092 1782 2146 opusque
1819 2074 2052 2146 γράμμα.
2085 2076 2198 2129 Nos
2225 2067 2450 2129 &actum
2475 2093 2567 2147 pe·

1537 2154 1708 2207 nicilli
1742 2172 2032 2208 vocamus:
2055 2155 2182 2208 hine
2221 2156 2470 2208 omnibus
2497 2155 2561 2208 li-

1536 2234 1652 2288 neis
1672 2234 1973 2287 absolutum
1996 2252 2132 2305 opus
2152 2231 2219 2288 de
2236 2253 2564 2288 consumma-

1536 2324 1595 2367 to
1635 2311 1866 2368 dicimus
1882 2353 1898 2379 ,
1945 2311 2095 2383 quod
2135 2325 2213 2366 est
2252 2329 2313 2367 ex
2353 2314 2562 2383 pictura

1536 2390 1876 2464 desumptum
1893 2432 1910 2458 ,
1942 2392 2076 2446 κατὰ
2121 2394 2423 2464 μεταφορῶν.
2468 2392 2558 2445 Li-

1537 2488 1757 2524 nearum
1787 2489 1954 2542 porro
1997 2473 2252 2525 tenuitate
2288 2491 2423 2543 opus
2449 2485 2559 2539 est,

1537 2551 1595 2603 in
1624 2549 1804 2604 multis
1846 2551 2178 2604 lineamentis
2212 2550 2525 2622 effingendis
2543 2593 2559 2618 ,

1539 2629 1594 2681 in
1619 2629 1990 2699 capillamento
2017 2631 2250 2701 exempli
2279 2632 2446 2703 gratia
2465 2669 2478 2692 ,
2502 2632 2560 2686 in

1538 2709 1710 2772 venis,
1737 2709 2109 2778 similibusque
2133 2723 2310 2764 exacte
2327 2712 2562 2766 forman·-

1539 2785 1622 2841 die
1646 2806 1660 2839 ε
1686 2787 1782 2844 hie
1802 2787 1946 2840 enim
1971 2805 2084 2840 non
2119 2789 2377 2860 pressiore
2408 2791 2559 2854 nisu,

1537 2865 1631 2920 sed
1651 2865 1876 2920 delicata
1897 2885 1959 2920 ac
1979 2885 2230 2938 suspensa
2259 2887 2420 2923 manu
2443 2871 2558 2941 geri

1535 2964 1652 2999 rem
1673 2958 1904 3016 oportet.
1933 2947 2128 3000 Statius
2149 2947 2205 3000 in
2226 2947 2555 3002 Here.Vind.

1543 3051 1567 3074 ι
1595 3027 1758 3079 Linea
1794 3041 1915 3095 quae
1954 3039 2183 3080 veterem
2215 3027 2371 3098 longe
2399 3028 2557 3081 fatea-

1537 3117 1623 3158 tur
1645 3104 1902 3174 Apellem.
1927 3127 1952 3152 n
1981 3105 2163 3159 Hann.
2187 3107 2474 3161 -Lineam
2495 3127 2556 3160 ex

1537 3185 1696 3236 colore
1707 3183 1862 3236 duxit.
1882 3185 2020 3238 Sunt
2033 3185 2124 3255 qui
2141 3185 2306 3238 velint
2317 3191 2384 3240 ab
2397 3186 2555 3258 Apel-

1536 3264 1586 3318 le
1631 3260 1842 3316 ductam
1887 3275 2092 3317 tantum
2132 3278 2328 3320 rectam
2359 3266 2552 3320 lineam

1537 3361 1694 3414 quam
1719 3342 1885 3396 secuit
1910 3343 2258 3415 Protogenes,
2284 3357 2338 3398 et
2359 3345 2553 3398 deinde

1535 3422 1732 3475 iterum
1755 3422 1920 3476 secuit
1939 3419 2173 3493 Apelles.
2197 3427 2268 3477 At
2287 3443 2450 3496 quum
2467 3423 2552 3476 vir

1537 3501 1594 3554 in
1621 3514 1736 3555 arte
1757 3513 1810 3556 et
1833 3501 2136 3557 eruditione
2163 3522 2426 3567 summus,
2447 3501 2552 3554 Mi-

1535 3581 1688 3636 chael
1703 3581 1954 3652 Angelus,
1966 3582 2339 3646 existimaverit
2353 3582 2550 3634 lineam

1534 3661 1682 3714 illam
1709 3661 1867 3714 fuisse
1886 3680 1950 3714 un
1973 3673 2190 3726 contonat,
2202 3661 2422 3730 ipseque
2438 3676 2550 3711 uno

1535 3741 1739 3812 impetu
1779 3740 1936 3794 talem
1975 3741 2169 3794 linem
2203 3756 2327 3790 cum
2345 3755 2554 3791 summa

1537 3820 1778 3874 omnium
1808 3817 2158 3873 admiratione
2187 3814 2554 3904 circumduxe-

1535 3901 1633 3966 rit,
1654 3899 1724 3952 ab
1753 3901 1868 3969 ejus
1893 3896 2150 3952 sententia
2184 3895 2270 3948 vix
2300 3895 2425 3949 licet
2444 3894 2553 3951 dis-

1537 3977 1744 4033 cedere.
1767 3975 1908 4030 vide
1930 3991 2144 4045 quoque
2173 3973 2254 4027 Cl.
2279 3993 2352 4028 nn
2373 3975 2555 4043 Pras,

1535 4058 1660 4110 Va'aes
1689 4057 1774 4108 des
1795 4056 2047 4115 Pomm,
2075 4071 2128 4123 p.
2161 4073 2182 4106 1
2203 4058 2288 4108 16.
2309 4055 2474 4110 Baor.

2173 4160 2297 4230 22²
