2975 4684
376 2329 401 2363 1

454 368 589 445 166

984 378 1061 445 C.
1112 378 1452 447 PLINII
1495 378 1710 446 NAT.
1761 377 2019 445 HIST.

440 530 681 577 norum
702 530 908 600 quum
930 506 1178 578 faceret
1192 562 1213 597 ‚
1234 512 1594 605 provinciae
1606 494 1872 578 Vibi0³³
1916 509 2118 577 Avito
2139 509 2533 603 praesidente
2549 561 2567 595 ,

440 612 577 683 duo
624 610 863 707 pocula
916 611 1277 685 Calamidis
1326 642 1528 687 manu
1581 614 1840 699 caelata,
1881 638 2027 709 quae
2065 616 2294 685 Cassio
2349 613 2572 685 Silano

440 716 772 789 avunculo
794 717 973 809 ejus,
1018 726 1409 815 praeceptori
1445 748 1566 793 suo
1609 723 2048 791 Germanicus
2063 708 2116 755 34
2149 726 2374 792 Coesar
2415 722 2572 790 ada-

442 837 615 893 mata
670 822 1071 910 donaverat,
1116 826 1459 898 aemulatus
1515 842 1647 911 est,
1705 842 1782 895 ut
1833 829 1946 895 vix
2011 826 2141 896 ulla
2201 828 2572 897 differentia

440 941 611 1000 esset
638 930 819 999 artis.
848 926 1253 1025 Quantoque
1286 936 1519 1064 major·
1529 936 1619 1065 in6
1627 933 1978 1004 Zenodoro
2009 936 2386 1028 praestantia
2416 933 2572 1019 fuit,

440 1046 623 1103 tanto
661 1036 870 1130 magis
906 1025 1377 1130 deprehendi³⁵
1410 1026 1592 1109 aeris³
1595 1026 2032 1109 ⁶obliteratio
2059 1056 2296 1135 potest.
2327 1032 2523 1127 (vm.
2545 1030 2573 1131 )

370 1148 403 1199 8
437 1140 688 1234 Signis,
716 1164 863 1237 quae
902 1158 1140 1211 vocant
1170 1146 1555 1229 Corinthia,
1601 1144 1934 1240 plerique'
1917 1170 1986 1213 m
2015 1160 2272 1214 tantum
2297 1148 2572 1241 capiun-

434 1260 574 1333 tur,
616 1262 695 1317 ut
736 1272 958 1317 secum
1012 1250 1535 1339 circumferant,
1587 1254 1758 1321 sicut
1809 1254 2204 1321 Hortensius
2217 1238 2268 1291 ³⁷
2341 1267 2570 1321 orator

436 1352 799 1447 Sphingem
842 1356 1037 1423 Verri
1092 1380 1207 1425 reo
1250 1306 1562 1437 ablataui.
1608 1362 1890 1453 Propter
1929 1383 2128 1453 quam
2177 1322 2418 1426 Cicero
2460 1357 2572 1427 illo

428 1458 730 1553 judicio
712 1482 779 1529 ιιι
820 1458 1247 1533 altercatione
1288 1468 1558 1559 neganti
1595 1466 1657 1534 ei
1693 1490 1762 1534 se
1799 1468 2148 1561 aenigmata
2175 1463 2573 1558 intelligere,

437 1564 777 1660 respondit
814 1565 1087 1651 debere,
1131 1572 1447 1664 quoniam
1488 1571 1838 1666 sphingem
1875 1571 2057 1641 domi
2093 1570 2390 1639 haberet.
2425 1572 2571 1638 Cir-

439 1669 743 1743 cumtulit
768 1686 835 1743 et
868 1676 1050 1743 Nero
1082 1678 1393 1807 princeps
1422 1682 1861 1758 Amazonem,
1905 1677 1990 1746 de
2021 1701 2154 1771 qua
2181 1662 2539 1746 dicemus³⁸

336 1845 345 1853 ,
436 1791 505 1847 et
536 1774 737 1870 paulo
767 1792 921 1849 ante
948 1784 1027 1849 C.
1064 1769 1386 1851 Cestius³⁹
1418 1783 1782 1853 consularis
1810 1786 2106 1877 signum,
2137 1782 2318 1876 quod
2350 1806 2576 1851 secum

436 1883 633 1951 etiam
672 1884 741 1955 in
779 1884 1005 1978 praelio
1042 1886 1293 1955 habuit.
1338 1888 1700 1958 Alexandri
1749 1912 2014 1982 quoque
2064 1888 2298 1981 Magni
2352 1888 2573 1955 taber-

436 1987 749 2059 naculum
778 1992 1102 2061 sustinere
1132 1973 1489 2062 traduntur
1523 1992 1732 2063 solitae
1757 2007 2022 2077 statuae,
2049 2016 2130 2061 ex
2161 1992 2401 2084 quibus
2425 1992 2576 2061 duae

440 2108 593 2165 ante
648 2098 883 2167 Martis
936 2096 1189 2167 Ultoris
1234 2087 1505 2168 aedem⁴⁰

440 2201 714 2295 regiam.

1562 2099 1796 2169 dicatae
1859 2112 2042 2183 sunt,
2095 2093 2370 2166 totidem
2419 2111 2574 2166 ante

548 2310 736 2377 xlx.
776 2308 1149 2378 Minoribus
1188 2308 1556 2381 simulacris
1596 2311 1925 2406 signisque
1973 2310 2322 2380 innumera
2362 2332 2578 2402 prope

440 2414 767 2484 artificum
798 2413 1152 2485 multitudo
1176 2415 1526 2486 nobilitata
1556 2431 1670 2487 est.
1711 2422 1878 2485 Ante
1911 2440 2142 2485 omnes
2175 2430 2397 2484 tamen
2426 2414 2577 2481 Phi-

440 2518 579 2589 dias
620 2520 1068 2609 Atheniensis,
1103 2526 1269 2593 Jove
1312 2522 1642 2619 Olympiae,
1683 2524 1858 2593 facto
1880 2520 1926 2607 ²,
1958 2546 2038 2590 ex
2069 2522 2270 2591 ebore
2302 2520 2574 2615 quidem

440 2739 551 2793 culi
574 2738 655 2817 illi
670 2778 687 2803 ‚
702 2744 848 2809 petits
863 2743 1086 2805 modales,
1100 2746 1345 2815 aqui-sees.
1356 2745 1459 2797 Ba.

523 2818 615 2871 33.
646 2819 813 2875 Vibio.
841 2821 999 2875 Hune
1022 2823 1236 2877 Tacitus
1266 2842 1459 2895 perpe·

440 2918 553 2953 ram
576 2898 817 2953 Dubium
842 2920 943 2971 pro
962 2902 1128 2955 vibio
1154 2916 1321 2957 vocat.
1346 2904 1461 2955 No·

444 2996 568 3033 men
604 2992 685 3033 est
732 2998 1015 3034 romanum
1056 2982 1249 3036 Vibius
1286 3000 1301 3036 :
1342 2983 1461 3035 Dn-

440 3058 589 3120 hius,
615 3078 686 3111 ne
720 3060 1004 3113 barbarum
1032 3060 1269 3132 quidem.
1310 3063 1377 3115 Β.

524 3137 621 3200 34.
686 3138 1017 3193 Germanicae.
1078 3141 1241 3195 Filius
1296 3141 1461 3194 Drusi

442 3216 743 3271 Germanici
777 3218 1137 3288 imperatoris,
1170 3221 1265 3293 qui
1296 3222 1460 3275 Tibo-

440 3296 511 3352 rii
539 3295 675 3369 imp.
703 3297 862 3351 frater
889 3298 1005 3353 fuit.
1032 3301 1216 3355 Ηιιιι).

521 3374 614 3429 35.
650 3376 966 3447 ὒσρνεήωάί.
999 3377 1341 3451 Deprehendi
1366 3400 1467 3451 po-

443 3468 542 3511 test
580 3456 699 3511 aeris
728 3454 991 3511 fundendi
1020 3460 1293 3513 seientiam
1326 3459 1465 3513 obu-

442 3548 663 3593 ter-tam
686 3554 817 3589 esse.
843 3536 1025 3589 Hum.

526 3618 615 3671 36.
649 3616 810 3671 AEressr.
843 3614 1121 3671 Sincerum
1156 3634 1245 3670 vas
1280 3616 1464 3671 incru-

443 3708 607 3763 mm,
640 3696 737 3769 qui
774 3696 879 3751 hoc
912 3696 1033 3751 loeo
1072 3700 1193 3749 areas
1220 3716 1318 3767 pro
1350 3700 1465 3749 aen'e

442 3776 756 3831 obtrudunt.
778 3776 895 3830 Hm
905 3792 961 3829 n.

526 3856 619 3924 37.
646 3856 787 3909 Sicut
814 3856 1127 3921 Hortensius,
1154 3867 1255 3907 etc.
1281 3854 1465 3909 Refert

443 3931 549 3986 hoc
572 3947 626 3987 et
653 3935 793 3989 Plut.
821 3938 877 3989 in
904 3934 1181 4009 Apopbth.
1208 3936 1363 3987 Rom.
1390 3934 1461 3989 H.

524 4010 618 4067 38.
636 4014 1085 4087 Dicemusaeaptte
1102 4014 1365 4088 sequenti.
1388 4016 1457 4068 Η.

1629 2744 1724 2813 39.
1753 2742 1814 2795 C.
1848 2741 2052 2795 Cestius.
2096 2741 2340 2795 Gesserat
2379 2757 2580 2793 oonsu-

1545 2824 1708 2875 latum
1741 2822 1946 2874 Tiberii
1977 2821 2283 2891 principatu
2304 2860 2320 2885 ,
2349 2820 2428 2873 M.
2453 2820 2581 2871 Ser·

1547 2903 1674 2955 vilio
1691 2902 1938 2955 Noniano
1956 2902 2178 2971 collega,
2200 2919 2324 2953 ann.
2344 2901 2416 2953 U.
2434 2902 2576 2971 787,

1546 2995 1607 3036 ut
1631 3001 1697 3035 ex
1728 2984 1916 3036 Tacito
1949 2982 2218 3034 discimus.
2245 2982 2428 3033 Han.

1630 3070 1722 3125 40.
1749 3063 1930 3115 Martis
1959 3062 2143 3113 Ultoris
2169 3060 2336 3112 adem.
2363 3060 2486 3113 Fuit
2517 3076 2583 3111 ea

1547 3141 1604 3194 in
1653 3142 1771 3194 foro
1808 3142 2062 3211 Augusti,
2103 3139 2322 3210 regione
2371 3151 2578 3191 octava.

1549 3222 1766 3291 Regiam
1795 3240 1926 3273 vero
1945 3258 1960 3283 ,
2002 3220 2192 3272 Numae
2221 3218 2446 3271 domum
2481 3236 2580 3270 eeu

1549 3302 1768 3371 Regiam
1821 3300 2046 3370 intelligi
2095 3312 2310 3369 oportet
2329 3336 2346 3363 ,
2393 3295 2578 3350 eadem

1549 3381 1716 3433 Urbis
1736 3380 1968 3451 regione.
1993 3378 2172 3431 Hum.

1634 3461 1786 3513 xlx.
1824 3478 1872 3511 ι-
1897 3459 2020 3511 Jove
2049 3456 2469 3532 Olympe'oefacto.
2499 3457 2580 3509 De

1553 3558 1618 3592 00
1641 3540 1791 3593 Jovis
1811 3539 2090 3591 simulacro
2109 3538 2277 3590 multa
2296 3534 2584 3589 Pausanias

1551 3620 1608 3673 in
1637 3620 1800 3673 Eliso.
1842 3619 2066 3689 priorib-
2098 3619 2211 3670 sive
2235 3618 2304 3673 V.
2351 3634 2406 3685 p.
2447 3614 2586 3667 303.

1552 3698 1837 3773 Inscriptio
1871 3700 1986 3753 haee
2015 3699 2120 3751 fuit
2141 3695 2210 3751 nd
2235 3697 2337 3748 Jov
2311 3695 2386 3746 vis
2415 3692 2582 3764 pedes

1549 3779 1722 3848 posita
1767 3798 1782 3831 =
1847 3780 2140 3831 ΦΕῙΔῙΑΣ.
2209 3778 2581 3829 ΧΑΡΜῙΔΟΥ.

1550 3862 1714 3910 ΪῙΟΣ.
1749 3860 2123 3911 ΔΘΚΝΑΙΟΣ.
2159 3862 2236 3909 Μ’
2266 3858 2586 3909 finon-12:13.

1549 3955 1788 3991 turnus.
1823 3954 2152 3991 ousnxtnut
2193 3952 2242 3988 ιν.
2277 3952 2588 3989 nunnun-

1551 4012 1644 4071 εἰ.
1671 4034 1772 4071 ιι.
1805 4034 1986 4072 nen.
2017 4022 2200 4069 unm.
