2975 4684
438 340 571 419 168
975 354 1051 421 C.
1106 354 1439 423 PLINlI
1488 351 1703 420 NAT.
1751 354 2008 422 HIST.

428 481 619 569 dem,
693 483 1152 577 Phrynonem,
1216 487 1552 555 Dinonem
1577 538 1596 569 ,
1646 484 2152 554 Athenodorum
2176 538 2195 571 ,
2249 485 2553 555 Damiam

431 586 820 657 Clitorium:
858 592 1100 684 Myron
1116 591 1164 679 ⁷,
1205 593 1506 686 Lycium.
1539 576 2024 685 Nonagesima⁸
2059 592 2289 684 quinta
2319 589 2554 685 Olym-

430 694 627 787 piade
667 695 949 765 floruere
991 697 1406 792 Naucydes⁹‚
1434 698 1844 770 Dinomenes
1865 750 1884 784 ,
1913 697 2300 783 Canachus,
2326 699 2554 766 Patro-

433 798 586 869 cles.
651 804 1031 872 Centesima
1104 802 1429 890 secunda,
1479 801 1873 897 Polycles¹⁰‚
1929 801 2556 896 Cephissodotus¹¹,

434 906 841 995 Leochares,
880 911 1366 1005 Hypatodorus.
1410 910 1788 980 Centesima
1809 923 2080 1003 quarta,
2109 906 2520 979 Praxiteles¹²
2539 960 2558 993 ,

2319 1030 2370 1049 Q

433 1114 608 1169 adhuc
662 1118 891 1171 obscuri.
948 1120 1131 1174 Alexis
1192 1118 1445 1175 Cambari
1535 1130 1584 1171 ee
1611 1137 1716 1171 cum
1741 1138 1796 1169 eo
1817 1118 2105 1171 Alexander·
2127 1118 2357 1191 Magnus.
2400 1120 2561 1172 Puer.

434 1196 669 1249 statuarii
692 1211 842 1267 pater
863 1216 895 1251 a
920 1199 1169 1253 Pausania
1182 1198 1449 1263 laudatur,

436 1276 538 1340 VI,
562 1296 616 1347 p.
647 1277 783 1342 348,
804 1278 963 1331 Eliac.
993 1292 1131 1350 post.
1162 1281 1243 1331 De
1266 1278 1451 1331 Aristi-

434 1353 505 1409 de
525 1356 717 1408 iterum
741 1358 981 1412 inferius.
1004 1360 1311 1431 Sequuntur
1329 1359 1453 1429 Φρύ-

434 1456 549 1499 νων,
587 1436 782 1503 Δείνων,
816 1456 1045 1509 quorum
1086 1439 1287 1491 mentio
1322 1456 1453 1491 nus-

438 1533 597 1586 quam
621 1518 871 1570 occurrit.
900 1509 1208 1593 Ᾰθηνόδωρος
1222 1558 1237 1583 ,
1254 1518 1340 1571 καὶ
1360 1526 1455 1569 Δα-

439 1596 585 1665 μζας,
628 1597 785 1649 ambo
824 1598 1085 1663 statuarii,
1134 1611 1187 1651 et
1224 1595 1455 1651 Arcades

438 1675 622 1735 ambo.
652 1676 851 1745 pariter
890 1694 953 1727 ex
982 1678 1183 1730 Clitore
1216 1675 1451 1747 oppido,

438 1750 723 1806 laudantur
762 1772 789 1805 a
819 1754 1099 1820 Pausania,
1129 1756 1344 1808 Phocic.
1364 1754 1447 1819 X,

438 1850 493 1903 p.
533 1834 663 1884 625.
694 1832 875 1885 Ham).

520 1928 577 1978 7.
605 1910 797 1981 Myron.
833 1911 1178 1983 subintellige
1210 1929 1273 1963 ex
1310 1924 1457 1963 ante-

444 1988 782 2055 cedentibus,
804 1990 999 2059 Myron
1020 1988 1341 2061 discipulum
1370 1990 1461 2043 ha·

440 2069 563 2121 buit
584 2068 827 2141 Lycium.
857 2101 934 2112 -—
957 2062 1275 2123 Sententiam
1302 2072 1458 2141 hujus

439 2148 543 2206 loci
569 2166 677 2201 esse
696 2148 927 2201 diximus
944 2188 959 2213 ‚
981 2161 1039 2201 ut
1061 2149 1333 2219 Polycleto
1355 2151 1455 2202 Ar-

437 2230 612 2298 gium,
632 2242 978 2301 caeterosque,
1001 2228 1076 2281 sic
1107 2228 1322 2301 Myroni
1350 2230 1457 2300 Ly·

440 2306 581 2361 cium
628 2308 950 2379 discipulum
995 2308 1265 2361 exstitisse.
1308 2308 1458 2362 Libri

439 2406 623 2441 omnes
652 2388 906 2443 hactenus
930 2386 1059 2439 editi
1083 2387 1333 2458 Myronem
1356 2388 1458 2462 Ly-

439 2470 562 2519 cium
606 2486 717 2539 pres
767 2486 819 2520 se
862 2468 1070 2533 ferunt,
1110 2479 1171 2520 ut
1215 2467 1458 2523 videatur

439 2564 549 2599 esse
568 2548 828 2599 sententia
854 2564 1001 2617 aeque
1022 2546 1278 2619 Polycleti
1305 2547 1460 2601 disci·

438 2625 628 2697 pulum
674 2624 955 2696 Myronem
1000 2627 1159 2679 fuisse
1212 2646 1241 2679 e
1293 2628 1458 2699 Lycia

442 2703 732 2758 oriundum
756 2744 772 2770 ,
801 2718 957 2777 atque
985 2720 1202 2760 caeteros
1224 2720 1343 2761 ante
1362 2726 1459 2772 ‚re-

442 2786 689 2839 censitos.
747 2784 853 2838 Sed
901 2801 1255 2859 praeterquam
1312 2784 1457 2858 quod

441 2864 594 2919 MSS.
626 2864 832 2919 codices
862 2868 991 2936 Reg.
1037 2885 1062 2918 a
1086 2907 1101 2931 ‚
1127 2880 1180 2919 et
1212 2865 1366 2919 colb.
1390 2866 1421 2918 3
1440 2905 1455 2929 ‚

443 2942 808 3010 adversantur,
840 2946 891 2998 in
932 2947 1127 3017 quibus
1154 2946 1333 3016 Myron
1360 2945 1459 3017 Ly-

444 3026 566 3075 cium
596 3026 785 3095 legitur
813 3043 827 3082 ς
868 3036 921 3077 et
962 3026 1241 3096 Myronem
1276 3043 1339 3077 ex
1366 3042 1458 3077 su·

442 3102 622 3172 perius
656 3106 764 3176 jai-m
800 3104 1071 3158 recensitis
1110 3122 1219 3157 esse
1250 3104 1459 3177 perspi·

444 3198 607 3234 cuum
642 3198 752 3249 est,
789 3198 838 3237 et
875 3184 1100 3253 Lycium
1139 3184 1299 3253 paulo
1334 3195 1460 3255 post

440 3258 687 3331 My‘ronis
724 3262 1043 3333 discipulum
1091 3263 1247 3315 fuisse
1286 3262 1461 3315 verbis

442 3342 709 3413 conceptis
745 3342 1061 3407 affirmatur,
1088 3341 1192 3395 hoc
1224 3342 1342 3411 ipso
1372 3360 1459 3395 ca·

440 3422 551 3493 pite
576 3423 733 3476 infra.
761 3422 942 3475 Ham).

524 3504 555 3557 8
568 3544 579 3557 .
605 3504 933 3573 Nonagesima
969 3504 1135 3572 quinta
1168 3497 1461 3570 Olympiade

426 3582 663 3652 floruere,
697 3596 796 3637 etc.
817 3582 991 3645 Fecere,
1018 3579 1376 3649 uoufloruere,
1404 3579 1460 3631 in

442 3662 639 3734 scripto
674 3661 855 3716 codice
884 3682 896 3713 ε
930 3658 1015 3714 cui
1064 3658 1283 3711 lectioni
1318 3658 1461 3710 favet

430 3742 587 3813 'quod
622 3744 784 3814 paulo
824 3741 961 3794 infra
998 3738 1257 3810 sequitur,
1295 3755 1459 3789 uacen-

440 3823 824 3894 tesima'quurta
840 3819 1043 3875 decima
1056 3817 1325 3890 Lysippus
1337 3816 1453 3879 fnit,

443 3914 611 3967 quum
627 3915 679 3955 et
709 3900 1003 3955 Alexander
1036 3898 1291 3969 Magnus:
1326 3922 1347 3943 ι
1384 3896 1458 3948 sic

440 3977 583 4031 enim
628 3978 913 4051 legendum
960 3998 1023 4033 ex
1063 3976 1278 4042 eodem,
1311 3996 1419 4031 non
1442 4016 1457 4042 ,

1617 1218 1671 1267 9.
1715 1196 1992 1267 Naucydes.
2041 1194 2307 1260 Ναυκύδης
2361 1211 2559 1252 statua—

1537 1278 1682 1340 rius,
1709 1276 1982 1331 Mothonis
2005 1278 2066 1331 F.
2101 1297 2210 1331 non
2253 1277 2416 1331 semel
2449 1278 2565 1329 lau-

1539 1355 1697 1410 datur
1733 1376 1762 1410 a
1803 1356 2060 1411 Pausania
2103 1356 2430 1410 Corinthiae.
2467 1356 2557 1417 11,

1540 1458 1596 1509 p.
1637 1440 1764 1500 126,
1803 1450 1902 1490 etc.
1939 1438 2224 1509 Δεινομένης
2259 1432 2372 1498 (sic
2414 1435 2561 1488 enim

1542 1514 1899 1579 scribendum,
1917 1534 2025 1569 non
2040 1514 2348 1578 Diomedes,
2363 1534 2424 1568 ex
2443 1516 2562 1587 ipso

1543 1595 1716 1648 Plinio
1742 1596 1962 1649 inferius
1979 1588 2003 1665 )
2022 1595 2268 1651 laudatur
2288 1616 2316 1649 a
2337 1594 2562 1647 Tatiano

1543 1675 1599 1727 in
1643 1674 1739 1727 Or.
1778 1687 1964 1729 contra
2003 1677 2248 1741 Graecos,
2277 1694 2396 1749 pag.
2432 1676 2560 1727 182.
2671 1698 2678 1705 ·

1543 1754 1672 1825 Ejus
1692 1773 1854 1826 opera
1871 1774 1905 1818 ,a
1926 1756 2177 1809 Pausania
2199 1765 2558 1817 recensentur,

1546 1833 1704 1886 Attio.
1727 1834 1786 1899 1,
1809 1852 1863 1905 p.
1891 1840 1981 1899 44.
2014 1835 2246 1901 Κάναχος
2284 1832 2565 1905 Sicyonius

1543 1913 1824 1966 statuarius
1873 1914 2001 1979 fuit,
2060 1912 2314 1984 Polycleti
2379 1910 2561 1981 Argivi

1545 1990 1855 2065 discipulus,
1881 1993 2056 2063 inquit
2085 1991 2365 2046 Pausanias
2395 1990 2557 2043 Eliac.

1543 2072 1796 2143 post.VI‚
1833 2092 1887 2143 p.
1925 2074 2057 2143 367,
2091 2084 2144 2123 et
2186 2068 2557 2128 Achaian,

1544 2170 1664 2223 pag.
1707 2150 1838 2215 433.
1871 2154 1945 2204 De
1973 2170 2037 2203 eo
2065 2152 2250 2206 Cicero
2280 2151 2333 2203 in
2358 2149 2523 2201 Bruto
2542 2187 2561 2213 ,

1545 2250 1666 2303 pag.
1709 2230 1839 2284 535.
1872 2234 2207 2303 Πατροκλέους
2244 2242 2296 2284 et
2327 2228 2560 2296 Κανάχου

1545 2330 1734 2382 opera,
1765 2312 1911 2381 quasi
1942 2310 2236 2383 conjunctis
2264 2309 2452 2362 animis
2483 2306 2562 2359 vi·
2655 2336 2662 2345 ·

1529 2391 1798 2461 ·ribusquc
1828 2390 2096 2444 elaborata
2115 2430 2133 2455 ,
2177 2388 2356 2442 laudat
2389 2386 2528 2441 idem
2547 2426 2567 2452 ,

1545 2470 1627 2533 X,
1659 2470 1769 2521 sive
1795 2468 2011 2521 Phocic.
2031 2490 2088 2538 p.
2119 2470 2248 2522 626.
2272 2468 2458 2521 Puto.

1633 2566 1716 2600 ιο.
1747 2546 1986 2617 Polycles.
2015 2552 2266 2604 Πολυκλῆς
2287 2558 2411 2597 ortu
2427 2546 2566 2598 Atti·

1545 2644 1640 2678 cus
1651 2664 1666 2687 ,
1684 2622 1882 2677 Stadiei
1896 2624 2232 2677 Atheniensis
2241 2622 2533 2691 discipulus
2548 2664 2566 2689 ,

1545 2702 1693 2776 apud
1713 2704 1937 2756 Pausan.
1955 2704 2000 2763 1,
2018 2704 2180 2756 Eliac.
2199 2715 2334 2774 post.
2349 2722 2404 2775 p.
2428 2702 2498 2756 35
2512 2723 2535 2758 1
2549 2740 2564 2755 .

1544 2780 1883 2852 Κηφισόδοτος
1902 2772 2000 2850 (sic
2013 2784 2166 2836 etiam
2188 2782 2342 2836 MSS.
2366 2784 2495 2853 Reg.
2515 2802 2567 2848 a,

1545 2862 1699 2917 Colb.
1729 2862 1758 2913 3
1780 2874 1832 2915 et
1854 2862 1969 2926 alii,
2003 2882 2110 2915 uon
2138 2860 2564 2933 Cephissodorus),

1547 2942 1825 2996 statuarius
1849 2941 2182 2997 Atheniensis
2196 2981 2211 3006 ‚
2231 2944 2380 3013 cujus
2403 2960 2566 3013 opera

1544 3022 1730 3077 laudat
1775 3019 2084 3086 Pausanias,
2119 3034 2234 3074 tum
2267 3021 2562 3085 alibi,tum

1547 3104 1718 3156 Boeot.
1749 3102 1851 3161 lx,
1879 3119 1999 3174 pag.
2033 3102 2164 3156 566.
2197 3102 2481 3171 Λεωχάρους
2507 3101 2564 3152 iu

1551 3182 1739 3235 Atticis
1769 3182 1823 3245 1,
1851 3200 1968 3252 pag.
2014 3184 2069 3245 6,
2099 3180 2332 3251 aliasque
2352 3181 2561 3251 passim.

1551 3251 1902 3329 Ῠπατοδὼρου,
1920 3260 1974 3311 in
1994 3258 2351 3324 Arcad.v111,
2367 3280 2417 3331 p.
2437 3266 2567 3329 497,

1549 3342 1678 3394 etin
1698 3339 1865 3393 Phoc.
1897 3340 1962 3397 X.
1993 3358 2049 3410 p.
2079 3343 2212 3411 627.
2240 3338 2422 3391 Hutn.

1635 3438 1658 3472 1
1677 3437 1723 3471 1.
1751 3418 2134 3489 Cephissodotus.
2175 3417 2483 3471 Plutarchus
2508 3416 2562 3469 in

1549 3497 1818 3551 Phocione
1855 3496 2297 3569 Cephissodotum
2345 3496 2563 3569 plastem

1550 3580 1663 3649 ejus
1703 3580 1879 3631 uxoris
1924 3579 2138 3633 fratrem
2178 3577 2332 3631 fuisse
2366 3574 2564 3629 scribit.

1547 3660 1755 3711 Duum.

1637 3755 1658 3790 1
1675 3757 1726 3791 2.
1754 3738 2049 3791 Praxiteles.
2071 3737 2238 3809 Cujus
2268 3752 2424 3806 opera
2457 3752 2569 3786 non

1547 3836 1577 3869 a
1598 3811 1852 3871 Pausania
1880 3816 2042 3871 modo
2058 3849 2072 3875 ‚
2093 3814 2186 3869 sed
2213 3816 2277 3869 ab
2301 3813 2415 3868 aliis
2437 3812 2568 3867 scri—

1545 3897 1788 3967 ptoribus
1845 3894 2304 3951 commendantur.
2369 3894 2452 3947 De
2503 3910 2567 3945 co

1549 3976 1787 4031 iuferius.
1817 3976 1952 4033 Cum
1984 3976 2185 4029 cateris
2223 3972 2458 4043 ejusdem
2492 3992 2573 4029 at·-
