2975 4684
31 959 48 1002 ·-
31 639 54 896 narr-³·
31 505 56 572 *e-

969 414 976 428 .
1086 304 1853 427 Llssnn‘xxxvu.
1966 410 1971 419 .
2394 352 2535 452 589

419 505 730 586 praeterea
780 492 930 559 vitae
969 490 1176 577 fama,
1216 489 1374 561 alias
1414 489 1711 583 principe
1746 488 1895 559 loco
1928 488 2187 584 genitus
2226 487 2533 576 Athenis,

421 592 618 666 rebus
651 582 931 691 gestis⁴³,
959 597 1244 666 exercitu
1282 596 1503 665 ducto.
1536 596 1661 663 Hic
1700 592 1868 663 ultia
1905 594 2159 662 Indiam
2194 593 2335 663 fleri
2372 594 2534 665 dixit

422 727 458 770 e
497 702 798 795 lacrymis
839 701 1304 797 meleagridum
1349 703 1568 769 avium
1604 686 2080 794 Meleagrum⁴⁴
2128 700 2532 769 deflentium.

421 808 622 896 Quod
649 822 716 875 et
733 807 1078 876 credidisse
1106 832 1254 876 eum
1269 860 1288 893 ‚
1309 805 1412 875 vel
1439 830 1735 900 sperasse
1759 804 1897 874 aliis
1919 805 2296 899 persuaderi
2320 831 2533 900 posse,

419 913 564 1006 quis
593 938 728 981 non
754 910 1068 982 miretur?
1094 937 1378 1007 quamve
1400 914 1745 1006 pueritiam
1775 926 1908 979 tam
1942 913 2309 1004 imperitam
2342 937 2533 1006 posse

419 1019 728 1112 reperiri,
769 1044 914 1112 quae
954 1020 1174 1087 avium
1212 1017 1507 1112 ploratus
1548 1040 1803 1086 annuos
1830 1016 2094 1101 credat,
2130 1014 2534 1110 lacrymasve

417 1138 550 1193 tam
585 1124 898 1218 grandeS,
933 1149 1216 1216 avesque
1243 1150 1280 1192 e
1309 1124 1600 1207 Graecia,
1626 1122 1739 1191 ubi
1768 1122 2101 1215 Meleager
2132 1125 2357 1216 periit,
2382 1124 2533 1218 plo-

417 1242 633 1299 ratum
662 1230 785 1299 isse
817 1231 883 1297 in
908 1226 1152 1297 Indos?
1176 1229 1355 1317 Quid
1383 1227 1598 1323 ergo?
1632 1254 1767 1297 non
1797 1227 2003 1297 multa
2030 1252 2211 1321 oeque
2240 1226 2533 1299 fabulosa

416 1333 708 1462 produnt
750 1333 1003 1428 poetae?
1032 1334 1158 1403 Sed
1197 1334 1326 1402 hoc
1355 1359 1429 1403 ea
1470 1337 1540 1402 in
1580 1358 1687 1419 re,
1726 1358 1869 1426 quae
1905 1333 2251 1427 quotidie
2236 1337 2534 1405 invenia-

416 1424 584 1507 tur⁴⁵
620 1454 814 1531 atque
854 1438 1183 1525 abundet,
1227 1453 1294 1507 et
1327 1439 1458 1509 hoc
1504 1386 1921 1509 mendacium
1968 1452 2319 1557 coarguat,
2370 1441 2537 1508 serio

418 1566 810 1636 quemquam
844 1544 1124 1628 dixisse,
1163 1568 1416 1612 summa
1457 1532 1800 1613 hominum
1838 1545 2243 1637 contemptio
2292 1558 2426 1631 est,
2469 1560 2536 1613 et

417 1647 824 1717 intoleranda
861 1648 1350 1718 mendaciorum
1399 1650 1771 1744 impunitas.

525 1744 658 1845 (111.
663 1750 981 1839 >Certum
1002 1768 1100 1823 est
1113 1742 1314 1849 gigni⁴
1316 1738 1423 1821 ⁶in
1444 1754 1671 1823 insulis
1702 1754 2250 1884 septemtrionalis
2264 1757 2533 1824 Oceani:

417 1874 484 1928 et
516 1884 554 1927 a
591 1860 940 1929 Germanis
981 1857 1294 1953 appellari
1347 1858 1629 1953 glessum
1655 1847 1749 1899 37·
2015 1846 2065 1892 33

418 1988 615 2033 unam
647 1962 1004 2033 insularum
1037 1964 1124 2033 ob
1154 1963 1220 2032 id
1247 1963 1643 2034 Glessariam
1675 1964 2065 2060 appellatam
2086 2018 2107 2050 ‚
2137 1967 2535 2036 Germanico

415 2073 672 2141 Caesare
707 2069 794 2137 ibi
834 2068 1146 2138 classibus
1183 2094 1320 2138 rem
1357 2084 1665 2163 gerente,
1702 2072 2115 2138 Austraviam
2154 2094 2193 2139 a
2235 2070 2535 2141 barbaris

415 2174 677 2245 dictam.
725 2177 1035 2245 Nascitur
1076 2189 1295 2245 autem
1324 2162 1719 2244 defluente⁴⁹
1753 2173 2037 2245 medulla
2068 2177 2243 2269 pinei
2281 2180 2536 2271 generis

497 2397 592 2463 43.
619 2397 778 2449 Rebus
799 2399 962 2467 gestis.
1000 2395 1146 2460 Quas
1190 2414 1222 2449 a
1269 2392 1430 2448 Suida

417 2488 660 2533 accurate
679 2477 953 2530 recensitas
981 2473 1118 2527 vide.
1145 2475 1325 2527 Han.

499 2564 592 2622 44.
623 2556 920 2625 Meleagrum
939 2554 1226 2626 deflentim.
1248 2556 1293 2606 Α
1319 2570 1430 2605 mu-

417 2648 496 2689 tre
513 2636 864 2689 interfectum:
875 2652 1030 2706 quem
1046 2650 1210 2703 quum
1226 2648 1430 2685 sorores

417 2716 530 2784 ejus
563 2713 850 2775 deflerent,
897 2711 1118 2765 deorum
1157 2712 1430 2763 voluntate

419 2793 473 2845 in
491 2810 609 2843 aves
623 2804 742 2844 sunt
764 2790 1166 2860 transfigurato,
1185 2806 1304 2859 quoe
1321 2806 1430 2841 me-

417 2869 672 2941 leagrides
689 2882 960 2922 vocantur.
976 2868 1242 2939 Hyginus,
1255 2868 1430 2920 sabula

417 2966 629 3003 cmxxxv.
657 2948 838 3000 Hann.
1041 3010 1051 3015 -

505 3027 597 3090 45.
634 3028 760 3096 Quoe
789 3026 996 3097 quotidie
1033 3029 1310 3079 inveniatur.
1345 3025 1434 3078 Sic

419 3104 626 3159 codices
661 3124 820 3157 manu
856 3106 1067 3159 exarati.
1098 3106 1250 3159 Prius
1273 3102 1430 3169 editi,

420 3186 683 3239 invehatur.
711 3183 892 3237 Hsnn.

498 3272 528 3329 ,ί
537 3268 591 3319 6.
612 3264 804 3317 Certum
815 3258 892 3315 'est
901 3268 1056 3334 gigni.
1075 3264 1196 3317 Huic
1208 3259 1431 3316 totidem

415 3344 592 3399 verbis
619 3344 888 3414 exscripsit
925 3344 1164 3401 Solinus,
1196 3362 1312 3413 cap.
1338 3360 1431 3408 xx,

414 3443 470 3494 p.
499 3433 585 3488 40.
621 3424 802 3475 Banu.

498 3508 568 3573 47
577 3542 590 3555 .
602 3502 856 3573 Appeuari
866 3502 1090 3571 glessum.
1103 3502 1278 3563 Forte,
1287 3499 1432 3571 quod

419 3582 746 3645 transluceat,
769 3592 820 3633 et
836 3582 1000 3634 niteat
1020 3594 1080 3634 ut
1094 3581 1308 3646 vitrum,
1320 3581 1434 3650 glas

418 3678 448 3711 a
487 3658 764 3713 Germanis
793 3661 1138 3731 appellatum.
1178 3662 1310 3712 Du..
1353 3688 1434 3702 —-

423 3737 658 3791 Glessum.
693 3739 942 3803 Tacitus,
968 3740 1062 3792 lib.
1105 3738 1172 3792 de
1198 3738 1436 3791 moribus

419 3816 602 3870 Germ.
645 3837 759 3889 pag.
802 3819 908 3873 138
943 3839 956 3869 =
987 3842 1010 3863 ι
1039 3816 1140 3872 Sed
1189 3831 1241 3871 et
1289 3834 1432 3870 mare

417 3908 732 3959 scrutantur,
773 3916 832 3952 ac
861 3898 959 3953 soli
985 3898 1224 3951 omnium
1265 3896 1436 3951 succi-

417 3992 582 4039 num,
621 3976 764 4046 quod
802 3977 902 4049 ipsi
945 3978 1170 4049 glessum
1209 3988 1435 4042 vocant,

1516 2398 1654 2448 inter
1680 2394 1835 2460 vada,
1856 2408 2015 2468 atque
2033 2395 2090 2448 in
2116 2396 2233 2467 ipso
2257 2396 2433 2452 littore
2460 2401 2535 2453 le·

1517 2486 1649 2545 gunt
1668 2512 1683 2537 ,
1712 2486 1812 2528 etc.
1841 2501 1863 2524 a·
1895 2475 2075 2528 Esau.

1601 2553 1693 2613 48.
1717 2553 1883 2625 Itaque
1904 2566 1952 2604 ee
1970 2574 2001 2605 a
2022 2558 2211 2607 nostru.
2241 2556 2285 2607 Α
2304 2560 2536 2613 romanis

1516 2630 1787 2683 militibus.
1814 2632 1893 2683 De
1922 2633 2194 2685 Glessariis
2218 2634 2401 2690 insulis
2424 2639 2535 2710 egi-

1517 2727 1637 2761 mus
1668 2709 1761 2763 lib.
1790 2709 1889 2774 lv,
1916 2728 2031 2781 cap.
2068 2712 2153 2764 30.
2176 2713 2357 2768 Hann.

1602 2794 1631 2850 4
1639 2808 1691 2859 9.
1722 2788 1957 2841 Nascitur·
1976 2801 2131 2841 autem
2154 2789 2402 2860 defluente,
2432 2809 2533 2850 etc.

1518 2866 1747 2938 Legend.
1785 2893 1807 2914 ι
1837 2868 2081 2927 Nascitur
2100 2881 2275 2921 autem
2298 2870 2538 2929 defluens

1518 2964 1547 2999 e
1572 2944 1802 2999 medulla
1828 2947 1881 2999 in
1912 2947 2057 3017 pinei
2092 2948 2296 3017 generis
2326 2954 2535 3007 arbori-

1516 3026 1643 3090 bus,
1680 3038 1743 3077 ut
1769 3026 1975 3095 gummi
2002 3026 2057 3078 in
2089 3028 2275 3080 cerasis
2315 3048 2375 3085 ac
2406 3051 2536 3102 pm.

1516 3105 1625 3169 nis,
1665 3117 1763 3158 etc.
1802 3130 1824 3151 ι
1860 3107 2030 3158 Sum.
2071 3136 2149 3148 —
2187 3108 2419 3162 Nascitur
2444 3132 2535 3164 au·-

1520 3195 1635 3249 tem,
1660 3197 1758 3237 etc.
1775 3185 1839 3236 In
1863 3186 2103 3255 regione,
2123 3205 2242 3257 quo
2262 3192 2534 3243 succinum

1518 3264 1713 3325 mittit.
1740 3264 2028 3317 resiniferae
2056 3266 2215 3319 nulle
2239 3281 2361 3320 sunt
2386 3270 2537 3321 arbo·

1518 3360 1615 3395 res.
1634 3344 1701 3395 At
1714 3344 1769 3395 in
1784 3344 2282 3415 septentrionalium
2296 3346 2535 3399 littorum

2579 848 2640 882 10

1736 1862 2001 1952 .itaque
2103 1876 2169 1929 et
2203 1884 2242 1928 a
2288 1863 2531 1929 nostris
2592 1938 2600 1946 ‚

1519 3434 1691 3477 tractu
1712 3422 1983 3476 bituminis
2002 3437 2143 3477 certe
2160 3436 2325 3495 genus
2340 3424 2535 3478 flavum
2552 3428 2583 3453 ⁹

1520 3514 1623 3563 est,
1654 3514 1715 3554 ut
1736 3502 1946 3573 nigrum
1973 3502 2240 3573 apud.nos
2263 3504 2318 3554 in
2347 3507 2539 3557 Arver-

1518 3580 1602 3633 nis
1616 3620 1633 3647 ‚
1653 3584 1867 3653 ejusque
1888 3582 2122 3652 naphtha
2150 3580 2305 3645 flava,
2327 3583 2537 3654 qualem

1519 3678 1548 3713 e
1570 3658 1865 3714 Saxonibus
1884 3660 2118 3713 afferunt
2134 3698 2149 3725 ,
2170 3672 2221 3711 et
2242 3662 2535 3731 petr-oleum

1520 3754 1729 3806 vocant,
1748 3752 1807 3792 ut
1826 3736 1967 3810 apud
1990 3756 2087 3791 nos
2103 3750 2233 3790 atra.
2256 3739 2435 3804 Quum
2459 3759 2537 3795 er·

1522 3836 1591 3891 go
1619 3820 1763 3874 fonte
1791 3836 1889 3871 suo
1921 3816 2140 3871 scaturit
2182 3818 2419 3873 bitumen
2444 3820 2501 3873 id
2522 3860 2538 3887 ,

1524 3898 1685 3951 molle
1734 3896 1908 3950 adhuc
1960 3908 2011 3948 et
2066 3895 2333 3968 liquidum
2385 3901 2539 3954 obvia

1528 3996 1751 4049 queque
1772 3974 2125 4047 amplectitur,
2140 3978 2355 4047 retinet,
2378 3978 2542 4034 inclu-
