2975 4684
418 399 519 493 94

976 399 1052 466 c.
1106 350 1447 468 prum
1495 391 1713 467 ΝΑΤ.
1767 397 2029 467 ms‘r.

420 529 633 600 bones
664 531 1114 621 cineremque,
1158 526 1453 598 abluitur
1486 541 1678 598 aceto
1709 543 1828 598 aut
1861 529 2059 614 vino,
2095 527 2424 624 simulque
2458 523 2567 598 re-

356 653 392 710 ⁴
428 621 809 731 stinguitur.
863 633 1069 722 Quod
1125 635 1178 704 si
1231 635 1317 704 sit
1362 632 1766 730 argyritis¹⁹,
1810 649 1886 704 ut
1938 634 2190 706 candor
2234 637 2294 705 ei
2335 635 2572 720 detur,

426 739 879 836 magnitudine
923 739 1093 809 fabae
1140 741 1518 826 confracta,
1574 743 1646 810 in
1685 739 1873 810 fictili
1919 743 2117 835 coqui
2167 737 2440 837 jubetur
2487 765 2572 810 ex

420 871 633 942 aqua,
666 845 895 916 addito
923 847 997 915 in
1028 844 1317 918 linteolis.
1349 849 1571 918 tritico
1599 862 1669 917 et
1697 847 1954 920 hordeo
1981 851 2208 934 novis,
2250 848 2466 918 donec
2487 871 2572 917 ea

424 967 797 1050 purgentur
814 954 885 1021 ²⁰.
925 955 1161 1024 Postea
1200 979 1315 1024 sex
1354 953 1588 1023 diebus
1611 955 1662 982 ²¹
1693 955 1930 1024 'terunt
1955 955 2023 1022 in
2065 955 2430 1042 mortariis,
2468 967 2574 1024 ter

422 1059 534 1132 die
566 1057 913 1128 abluentes
943 1083 1117 1154 aqua
1150 1059 1388 1155 frigida
1416 1088 1433 1130 ε
1468 1075 1538 1130 et
1565 1085 1773 1154 quum
1807 1059 2141 1149 desinant,
2185 1059 2431 1146 calida,
2467 1059 2574 1128 ad·

420 1165 567 1235 dito
614 1164 749 1236 sale
785 1164 1024 1250 fossili,
1065 1166 1133 1234 in
1172 1165 1405 1236 libram
1436 1191 1690 1262 spumae
1721 1165 2007 1240 obolo¹'.
2043 1169 2426 1238 Novissime
2463 1166 2571 1236 die

426 1272 731 1344 condunt
759 1275 827 1342 in
858 1271 1173 1368 plumbeo
1201 1297 1371 1342 vase.
1404 1272 1536 1372 Alii
1562 1299 1718 1344 cum
1753 1273 1907 1344 faba
1942 1273 2222 1345 candida
2257 1298 2333 1344 ac
2360 1274 2570 1368 ptisa-

424 1403 513 1450 na
548 1393 883 1476 coquunt,
924 1393 993 1448 et
1036 1379 1104 1446 in
1148 1377 1291 1450 sole
1326 1381 1603 1450 siccant.
1638 1379 1772 1449 Alii
1809 1382 1877 1450 in
1918 1378 2070 1450 lana
2099 1379 2382 1451 eandida
2414 1403 2573 1448 cum

425 1487 609 1572 faba,
651 1486 865 1556 donec
910 1483 1133 1554 lanam
1168 1512 1307 1556 non
1343 1486 1696 1582 denigrent
1707 1474 1779 1552 ²³.
1821 1489 2014 1557 Tunc
2047 1485 2252 1557 salem
2278 1484 2570 1556 fossilem

430 1594 780 1688 adjiciunt,
803 1593 1083 1662 subinde
1116 1617 1291 1708 aqua
1326 1608 1614 1680 mutata,
1635 1594 2016 1687 siccantque
2042 1593 2274 1664 diebus
2299 1617 2396 1662 XL
2425 1590 2574 1661 cali·

362 1709 395 1764 5
431 1700 713 1771 dissimis
734 1701 997 1770 aestatis.
1026 1702 1172 1770 Nec
1207 1725 1347 1770 non
1378 1702 1447 1794 in
1478 1714 1712 1769 ventre
1743 1699 1935 1770 suillo
1953 1701 2023 1769 in
2041 1723 2212 1795 aqua
2231 1713 2530 1794 coquunt
2553 1751 2575 1786 ‚

430 1820 936 1900 exemptamque
965 1807 1145 1875 nitro
1182 1805 1458 1894 fricant3
1501 1821 1567 1876 et
1593 1820 1672 1875 ut
1695 1831 1930 1901 supra,
1963 1821 2190 1876 terunt
2218 1807 2289 1875 in
2318 1819 2570 1875 morta-

430 1915 543 1982 riis
594 1937 750 1981 cum
782 1911 939 1982 sale.
984 1915 1151 1981 Sunt
1184 1913 1298 2007 qui
1327 1937 1465 1982 non
1494 1925 1820 2006 coquant,
1847 1911 1962 1981 sed
1986 1936 2138 1981 cum
2167 1911 2300 1982 sale
2321 1923 2576 1997 terant,

432 2033 499 2089 et
530 2017 789 2112 adjecta
832 2042 1003 2113 aqua
1047 2017 1343 2087 abluant.
1402 2021 1588 2088 Usus
1605 2009 1654 2053 ²⁴
1705 2019 1848 2111 ejus
1891 2017 1976 2086 ad
2015 2016 2316 2111 collyria,
2353 2031 2420 2084 et
2453 2013 2576 2085 litu

432 2125 516 2195 ad
539 2125 961 2196 muliebrium
984 2125 1369 2196 cicatricum
1393 2124 1722 2194 foeditates
1737 2122 2060 2194 tollendas
2075 2177 2095 2209 ‚
2119 2120 2576 2215 maculasque,

426 2246 499 2302 et
538 2231 945 2304 abluendum
978 2230 1311 2328 capillum.
1337 2233 1463 2302 vis
1493 2245 1718 2301 autem
1754 2231 2002 2301 siccare
2019 2219 2094 2318 ²⁵,
2129 2227 2389 2299 mollire
2411 2249 2572 2310 ‚re-

522 2463 547 2498 1
560 2465 613 2516 9.
633 2445 787 2515 Quod
797 2447 843 2496 si
852 2446 917 2496 sit
932 2444 1181 2516 argyritis.
1204 2439 1461 2496 Totidem

432 2525 612 2578 verbis
638 2525 749 2577 hssc
772 2523 950 2576 Diosc.
977 2523 1083 2576 loc.
1106 2523 1197 2576 cit.
1220 2535 1275 2576 et
1303 2521 1460 2577 Orib.

434 2603 606 2668 xm,
642 2603 679 2657 f.
711 2603 837 2668 228,
859 2603 915 2656 b.
950 2603 1133 2656 Hsnn.

520 2701 606 2737 πο.
644 2683 814 2738 Donec
833 2703 891 2734 ea
904 2694 1191 2754 purgentur.
1214 2681 1458 2735 Dioscor.

433 2752 531 2834 Εψι
551 2758 612 2816 ὃὸ
637 2764 724 2824 ἕως
742 2763 799 2816 ἄν
815 2765 1027 2834 ῥαγῶσιν
1052 2763 1102 2814 αἱ
1128 2763 1303 2832 κριθαί.
1328 2761 1461 2816 nco·

434 2843 610 2916 quit0,
634 2842 811 2911 donec
834 2856 1114 2912 rumpatur
1132 2838 1417 2894 hordeum.
1432 2866 1456 2888 n

436 2923 649 2976 Oribas.
676 2949 700 2973 ι
720 2921 891 2975 donec
910 2921 1290 2992 disrumpatur.
1304 2945 1327 2967 ι
1358 2917 1465 2973 Sed

430 3007 639 3074 purgari
680 3003 785 3055 hoc
828 3002 948 3055 loco
981 2998 1123 3054 idem
1170 3012 1248 3053 est
1263 3039 1279 3066 ,
1317 2995 1467 3072 quod

437 3081 702 3154 disrumpi
750 3095 802 3135 et
845 3079 1120 3134 dehiscere
1167 3075 1465 3145 hordeum,

438 3161 544 3214 hoc
571 3173 677 3227 est,
706 3181 739 3216 a
764 3179 855 3214 sua
885 3157 1070 3213 divelli
1098 3160 1351 3214 tunicula.
1376 3161 1466 3214 Sic

438 3241 567 3305 XV,
585 3241 680 3306 25,
706 3240 1010 3314 purgabiles
1028 3259 1189 3293 nuces
1211 3239 1467 3311 appellat,

442 3339 560 3393 quae
582 3339 680 3374 suo
710 3321 829 3373 exui
854 3320 1046 3374 echino
1076 3339 1165 3374 seu
1193 3320 1373 3392 calyce
1391 3321 1469 3374 fa-

440 3401 544 3453 cile
564 3413 803 3472 possunt.
828 3399 1007 3454 ΒΑΜ).

528 3501 555 3534 a
572 3499 621 3536 ι.
654 3473 833 3534 Postea
861 3499 946 3533 ses:
971 3479 1167 3546 diebus,
1198 3491 1302 3533 etc.
1332 3479 1466 3531 Dio·

438 3577 578 3614 soor.
606 3573 660 3614 et
695 3561 847 3615 Orib.
874 3561 932 3614 ll.
955 3580 1035 3614 cc.
1063 3561 1251 3614 Hann.

530 3659 624 3696 υ.
654 3641 832 3695 obolo.
858 3641 1037 3695 Diosc.
1064 3641 1164 3694 loc.
1196 3638 1285 3692 cit.
1310 3635 1375 3691 ad
1404 3637 1469 3690 li-

446 3720 598 3776 bram
640 3721 845 3793 argenti
882 3738 1089 3792 spumae
1129 3719 1317 3792 quinas
1348 3717 1470 3791 salis

444 3800 642 3854 fossilis
685 3802 869 3854 uncias
910 3799 1143 3853 adhibet.
1170 3796 1473 3861 Orihniun,

446 3879 518 3933 ad
532 3881 723 3935 libram
742 3898 944 3954 spumae
960 3879 1099 3943 salis,
1110 3875 1441 3932 tantumdem
1458 3914 1473 3940 ,

450 3959 557 4014 hoc
587 3974 699 4028 est,
732 3961 939 4014 libram.
967 3958 1150 4011 Hsnn.

539 4038 632 4093 23.
668 4035 800 4095 ”Non
845 4040 1113 4108 denigrent.
1153 4036 1355 4090 Forsan
1392 4054 1476 4088 re-

1547 2440 1713 2506 ctius,
1739 2440 1977 2511 denigret.
2007 2439 2254 2493 Dioscor.
2287 2440 2391 2494 loc.
2433 2439 2579 2493 citat.

1550 2523 1640 2583 lue
1669 2521 1724 2574 τὸ
1751 2522 1869 2591 ἔριον
1891 2523 2068 2590 uminis
2097 2520 2376 2585 βάπτῃ-ται.
2401 2517 2468 2572 Η.
2497 2549 2580 2561 --

1549 2601 1841 2672 Dem’grent.
1869 2601 2023 2656 Brot.
2057 2617 2120 2653 ex
2147 2603 2276 2672 Reg.
2309 2601 2340 2655 3
2368 2611 2423 2654 et
2443 2598 2575 2654 edit.

1550 2681 1796 2753 principe
1813 2720 1828 2746 ,
1855 2680 2092 2752 denigret.
2117 2680 2228 2736 En.

1637 2766 1732 2826 24.
1769 2759 1913 2815 Usus.
1955 2761 2134 2814 Diosc.
2171 2760 2274 2814 loc.
2303 2758 2390 2813 cit.
2423 2751 2584 2831 Ᾰρμό·

1552 2843 1621 2903 tu
1652 2841 1722 2901 εἰς
1745 2839 1813 2894 τὰ
1838 2841 2133 2912 ὀφθαλμικὰ,
2157 2839 2239 2893 καὶ
2269 2839 2412 2902 οὐλὰς
2435 2841 2585 2910 ἀπρι-

1553 2923 1662 2982 πιῖς
1679 2959 1695 2986 ,
1728 2919 1812 2972 καὶ
1851 2921 2165 2993 (Quonim
2190 2921 2472 2991 πρόσωπα,
2497 2919 2578 2972 καὶ

1556 2999 1742 3053 σπίλων
1769 3001 1987 3072 ἔμπλεα..
2013 3000 2270 3054 «Confert
2290 3012 2345 3052 et
2367 2997 2432 3052 ad
2457 3017 2580 3052 ocu·

1552 3079 1730 3132 lorum
1767 3079 2153 3134 medicamenta
2171 3117 2188 3144 ,
2207 3092 2260 3132 et
2285 3077 2354 3131 ad
2376 3077 2583 3132 cicatri-
2607 3117 2612 3122 -

1555 3179 1678 3214 cum
1723 3159 1988 3213 foeditates
2031 3155 2314 3220 tollendas,
2345 3159 2582 3230 itemque

1555 3237 1624 3292 ad
1655 3239 1814 3294 facies
1833 3257 2051 3308 rugosas
2067 3250 2119 3290 et
2141 3235 2480 3290 maculosas.»
2511 3237 2584 3290 Et

1520 3319 1624 3392 ‚ad
1675 3316 2069 3390 denigrandum
2118 3327 2372 3387 proterea
2421 3315 2580 3386 capil-

1556 3398 1668 3451 lum
1687 3435 1704 3462 ‚
1730 3416 1794 3450 ex
1820 3394 2110 3450 Theodoro
2133 3395 2295 3447 Prisc.
2330 3397 2385 3460 1,
2421 3414 2468 3447 r.
2509 3395 2580 3448 H.

1631 3495 1660 3530 a
1673 3477 1725 3529 5.
1761 3475 1853 3528 Vis
1869 3487 2026 3528 autem
2047 3478 2225 3528 siccat-e
2239 3513 2253 3536 ‚
2273 3487 2369 3527 etc.
2399 3474 2582 3527 Diosc-

1555 3569 1608 3610 et
1620 3555 1830 3609 Oribas.
1846 3556 1949 3609 loc.
1975 3555 2065 3609 cit.
2089 3554 2313 3608 totidem
2338 3556 2448 3608 fere
2464 3573 2584 3607 ver-

1555 3636 1656 3690 bis.
1682 3635 2163 3707 H.——-Lithargyri
2191 3648 2406 3689 externe
2432 3633 2586 3687 adhi-

1559 3715 1658 3769 biti
1681 3717 1930 3787 frequens
1953 3735 2078 3770 usus
2099 3716 2153 3769 in
2173 3713 2459 3768 medicina.
2477 3714 2587 3768 Ex-

1561 3795 1719 3849 siccat
1739 3796 2042 3864 moderate,
2064 3795 2317 3868 abstergit
2332 3813 2454 3848 cum
2477 3814 2590 3848 mo-

1563 3873 1682 3930 dica
1707 3875 2078 3934 adstrictionm
2113 3894 2238 3930 cava
2261 3876 2460 3948 explet,
2473 3876 2590 3930 hul-

1564 3973 1686 4010 cera
1720 3955 1788 4010 ad
1829 3956 2128 4010 cicun-icem
2167 3955 2416 4026 perducit
2435 3995 2452 4022 ‚
2486 3969 2586 4010 etc.

1519 4119 1524 4124 “
1569 4033 1694 4090 inde
1741 4037 1797 4089 in
1841 4035 2092 4090 omnibus
2135 4037 2247 4091 fere
2290 4035 2592 4108 emplastris
