2975 4684
463 362 597 443 244

987 357 1060 423 C.
1113 356 1450 425 PLINll
1502 358 1730 428 NAT.
1784 357 2038 428 HIST.

457 491 722 563 trahere
762 489 1134 580 cicatrices..
1163 490 1339 558 Usus
1369 492 1545 559 enim
1584 516 1665 559 ex
1702 492 1937 560 eodem
1960 544 1980 575 ,
2030 506 2096 561 et
2134 496 2201 561 in
2234 495 2579 565 oculorum

459 596 981 681 medicamentis,
999 609 1068 663 et
1088 596 1370 663 maxime
1397 611 1628 665 contra
1660 598 2139 689 procidentiam
2157 584 2205 623 ¹⁶
2228 624 2453 669 eorum
2471 658 2489 687 ,
2513 622 2579 671 et

459 705 838 772 inanitatem
855 698 1198 768 hulcerum
1217 699 1286 783 ¹⁷,
1307 703 1853 785 excrescentiave,
1890 705 2215 798 rimasque
2245 707 2443 791 sediS,
2466 726 2581 776 aut

392 833 422 888 4
459 805 1019 889 haemorrhoidas,
1055 820 1168 873 aut
1206 805 1690 901 condylomata.
1729 808 1831 875 Ad
1862 809 2005 877 haec
2040 811 2322 880 maxime
2360 812 2577 881 lotura

460 915 714 1010 plumbi
759 912 950 979 facit:
991 912 1156 979 cinis
1197 926 1416 979 autem
1451 914 1581 981 usti
1624 913 1705 981 ad
1749 912 2017 982 hulcera
2061 924 2426 1010 serpentia,
2468 934 2582 987 aut

461 1020 758 1090 sordida:
781 1016 1138 1109 eademque
1159 1042 1338 1109 ,quae
1365 1005 1676 1087 chartis¹⁸
1680 1021 1881 1106 ,ratio
1912 1020 2265 1113 profectus.
2297 1024 2583 1092 U1itu1¹⁹

461 1140 679 1195 autem
717 1126 786 1190 in
819 1123 1054 1217 patinis
1093 1146 1210 1215 per
1240 1122 1515 1192 laminas
1556 1124 1839 1193 minutas
1868 1150 2019 1194 cum
2048 1126 2403 1220 sulphure,
2432 1154 2581 1196 ver-

462 1247 672 1300 satum
697 1225 991 1297 rudibus²
997 1226 1022 1251 ⁰
1040 1227 1268 1296 ferreis
1291 1242 1406 1295 aut
1428 1228 1793 1316 ferulaceis,
1820 1230 2031 1300 donec
2059 1229 2273 1325 liquor
2292 1250 2583 1303 mutetur

463 1340 528 1405 in
573 1338 880 1404 cinerem.
945 1335 1119 1402 Dein
1165 1332 1626 1426 refrigeratum
1682 1338 1917 1405 teritur
1971 1339 2039 1405 in
2100 1337 2401 1407 farinam.
2455 1339 2581 1407 Alii

463 1441 751 1511 limatam
789 1440 1052 1509 scobem
1087 1440 1152 1506 in
1183 1438 1364 1525 fictili
1393 1440 1601 1508 crudo
1630 1457 1925 1534 coquunt
1949 1444 2017 1510 in
2041 1445 2341 1529 caminiS,
2372 1444 2583 1512 donec

465 1561 908 1642 percoquatur
945 1544 1264 1639 figlinum.
1305 1544 1524 1639 Aliqui
1564 1570 1895 1616 cerussam
1934 1550 2211 1619 miscent
2236 1552 2379 1643 pari
2404 1576 2583 1618 men-

467 1676 648 1737 sura,
691 1667 805 1721 aut
829 1650 1157 1719 hordeum
1180 1700 1199 1733 ,
1240 1664 1627 1747 teruntque,
1662 1667 1737 1721 ut
1762 1654 1829 1720 in
1866 1652 2138 1723 crudo’¹
2168 1654 2417 1725 dictum
2454 1672 2585 1739 est,

461 1773 539 1827 et
569 1758 929 1853 praeferunt
956 1756 1046 1824 sic
1077 1756 1304 1823 tritum
1337 1754 1682 1850 plumbum
1726 1758 1957 1851 spodio
1982 1761 2248 1853 Cyprio,

577 1866 688 1931 LI.
718 1859 976 1929 Scoria¹
1011 1885 1274 1977 quoque
1301 1859 1603 1955 plumbi
1587 1886 1654 1931 m
1686 1888 1809 1931 usu
1836 1877 1968 1948 est,
1996 1866 2408 1959 optimaque,
2444 1892 2589 1960 quae

471 1966 554 2035 ad
608 1952 861 2035 luteum
913 1967 1194 2035 maxime
1242 1963 1531 2036 colorem
1588 1969 1880 2053 accedit,
1944 1970 2081 2038 sine
2129 1967 2383 2064 plumbi
2444 1972 2588 2040 reli-

477 2188 598 2232 τειν,
623 2168 914 2237 μαλάττειν,
937 2168 1142 2232 πληροῦν
1167 2162 1234 2214 τὰ
1257 2164 1497 2234 κοιλώμά·

479 2268 579 2313 τοι,
605 2249 788 2307 <mciv
815 2248 882 2296 τὰ
905 2246 950 2295 ἐν
979 2246 1078 2301 τοῖς
1103 2242 1359 2313 ὀφθαλμοῖς
1390 2244 1496 2313 §25-

483 2347 626 2399 ματα
646 2364 662 2389 ,
720 2338 824 2379 etc.
870 2348 892 2370 ι
922 2321 1102 2374 Potest
1153 2321 1495 2392 refrigerare,

481 2406 842 2475 adstringere,
871 2400 1130 2473 spiracula
1169 2402 1300 2453 cutis
1328 2400 1500 2454 obdu-

485 2504 604 2539 cere
619 2522 634 2549 ,
655 2482 862 2535 mollire
874 2520 890 2546 ,
909 2498 1033 2533 cava
1051 2480 1261 2551 explere
1274 2520 1288 2544 ,
1313 2480 1496 2534 sistere

486 2564 764 2617 oculorum
797 2560 1079 2625 fluxiones,
1107 2572 1240 2612 etc-³
1271 2560 1454 2612 ΒΑΜ).

573 2645 660 2695 ¹6.
704 2641 1076 2693 Procidenti‘am.
1117 2638 1369 2700 Cels.V1,
1415 2642 1448 2690 6

496 2749 518 2769 -
549 2722 946 2791 Nonnunquam
983 2719 1170 2789 ingens
1199 2716 1499 2771 inflamma-

491 2802 568 2854 tio
603 2814 746 2854 tanto
773 2801 974 2871 impetu
1007 2796 1269 2867 erumpit,
1291 2810 1352 2849 ut
1367 2816 1499 2850 ocu-

490 2884 576 2933 los
618 2898 710 2935 sua
747 2876 872 2931 sede
919 2876 1184 2948 propellat
1221 2895 1234 2927 ε
1280 2876 1501 2947 proprie

491 2961 633 3013 enim
661 2960 945 3031 πρόπτωσιν
973 2954 1026 3007 id
1045 2992 1058 3014 ,
1084 2955 1337 3027 quoniam
1359 2956 1503 3008 oculi

493 3037 796 3111 procidunt,
819 3034 992 3089 Graeci
1021 3034 1302 3105 appellant.
1332 3059 1355 3081 ο
1385 3033 1454 3088 Η.

483 3118 486 3123 ’
582 3136 602 3169 1
616 3136 668 3187 7.
698 3118 750 3169 E
752 3128 773 3166 t
803 3118 1080 3167 inanitatem
1108 3115 1369 3174 kala-erum,
1401 3126 1504 3167 etc.

495 3196 584 3248 Sic
624 3197 752 3265 Reg.
789 3213 837 3247 a.
876 3192 992 3246 Hoc
1029 3206 1136 3258 est,
1169 3211 1291 3249 cava
1328 3193 1509 3262 explet

491 3274 731 3338 hulcera,
769 3272 1009 3344 sistitque
1044 3270 1354 3325 eorumdem
1391 3270 1513 3325 hul-

491 3373 674 3407 cerum
739 3370 918 3405 earnes
983 3364 1357 3405 excrescentes.
1421 3351 1509 3403 Sic

493 3434 750 3496 Diosc.V,
777 3432 847 3501 95
877 3449 890 3481 ε
920 3426 1268 3483 Atinias-udi...
1296 3436 1503 3499 πληροῦν

491 3515 559 3566 τὰ
586 3512 891 3581 κοιλώματα,
917 3510 1158 3568 cinam...
1179 3508 1246 3559 τὰ
1259 3510 1505 3579 ὑπερσαρ-

492 3598 673 3646 κοῦντα
699 3598 795 3643 τῦν
827 3592 996 3641 Oxar-
1023 3587 1178 3639 Prius
1209 3587 1501 3656 legebatur,

492 3686 540 3725 et
566 3675 846 3725 inanitatem
863 3706 878 3731 ,
900 3680 948 3718 ee
971 3666 1208 3717 balcet-um
1233 3684 1505 3717 excrescen-

495 3756 562 3803 tia
602 3771 621 3804 .·
674 3763 733 3804 ut
775 3749 928 3801 labor
981 3758 1110 3797 esset
1161 3744 1503 3815 investigare,

492 3830 636 3900 quod
678 3828 852 3883 morbi
883 3845 1046 3897 genus
1089 3836 1242 3890 esset,
1278 3825 1504 3877 inanitas

491 3910 765 3961 oculorum
785 3945 802 3971 ‚
823 3903 1039 3959 medicis
1051 3902 1226 3956 adhuc
1241 3905 1501 3975 ignotum.

1582 2164 1843 2219 medicina
1878 2186 2007 2229 usu,
2037 2166 2238 2221 dictum
2268 2183 2344 2222 est
2380 2170 2587 2231 xxlv.

1585 2246 1677 2298 51.
1711 2246 1890 2297 Hann.

1670 2344 1759 2393 19.
1793 2311 1980 2377 Uritur.
2006 2326 2141 2389 Qum
2176 2328 2347 2396 capite
2384 2328 2593 2399 reliquo

1584 2406 1941 2468 continentur,
1972 2404 2190 2458 totidem
2220 2423 2279 2457 ea
2304 2406 2475 2459 verbis
2504 2427 2593 2459 ex·

1580 2483 1772 2552 pressit
1792 2482 2091 2537 Dioscorid.
2118 2486 2189 2549 V,
2220 2488 2311 2552 96.
2334 2486 2439 2537 Sed
2464 2486 2591 2556 quid

1582 2580 1749 2614 causoe
1780 2562 1845 2613 sit
1872 2582 1965 2615 cur
1997 2564 2253 2617 ustionem
2292 2584 2319 2615 a
2356 2566 2593 2618 coctione

1478 2658 1493 2690 ε
1584 2640 1785 2693 Plinius
1820 2658 1963 2693 nnnc
1993 2656 2260 2707 secernat,
2304 2662 2465 2713 quum
2508 2662 2593 2695 ea·

1584 2716 1705 2771 dem
1726 2718 1841 2772 fieri
1869 2732 2149 2792 utramque
2166 2724 2363 2775 ratione
2384 2722 2595 2786 doceat,

1586 2798 1812 2869 amplius
1845 2799 2288 2854 considerandum
2318 2815 2409 2854 est.
2435 2804 2502 2855 fl.

1672 2896 1757 2929 ao.
1790 2878 2026 2931 Rude'bm.
2068 2878 2156 2933 Sic
2195 2880 2352 2934 MSS.
2384 2900 2592 2945 omnes,

1589 2967 1641 3008 et
1672 2956 1801 3009 editi
1836 2978 1849 3007 ε
1878 2977 1987 3009 non
2006 2998 2021 3023 ‚
2048 2959 2281 3023 trudibus,
2308 2974 2369 3013 ut
2390 2960 2597 3013 cuidam

1588 3036 1775 3088 visum.
1802 3036 1981 3090 Diosc.
2012 3038 2114 3091 loc.
2134 3039 2220 3092 cit.
2243 3040 2346 3093 hoc
2374 3053 2594 3102 tantum,

1592 3116 1709 3167 κὶνιι
1734 3110 1918 3185 σιδήρῳ
1934 3148 1950 3177 ‚
1977 3117 2121 3169 ferro
2153 3136 2242 3170 seu
2276 3120 2442 3171 ferrea
2469 3118 2598 3171 rude

1590 3207 1812 3247 versato.
1858 3194 1993 3246 Plin.
2032 3195 2101 3258 54
2132 3216 2145 3246 ι
2182 3222 2204 3242 ι
2242 3198 2597 3269 misceturque

1592 3270 1879 3336 radiculis,
1914 3272 2085 3326 donec
2130 3276 2406 3331 rubescat:
2444 3302 2463 3323 ι
2508 3276 2599 3329 ubi

1594 3352 1914 3417 Dioscor.V‚
1945 3352 2068 3417 103,
2094 3356 2289 3425 νάρθηκι
2318 3358 2472 3421 dicit,
2499 3356 2601 3408 boc

1595 3444 1669 3485 est
1687 3470 1702 3495 ‚
1728 3431 1985 3485 ferulacea
2006 3431 2265 3488 rudicula.
2294 3436 2473 3491 Eum.

1675 3528 1761 3563 αι.
1792 3510 1861 3562 Ut
1884 3516 1932 3562 in
1956 3513 2120 3569 crudo.
2146 3514 2209 3565 In
2242 3515 2409 3567 crudo
2430 3514 2604 3584 plum·

1592 3589 1688 3654 bo,
1731 3607 1903 3661 neque
1946 3604 2063 3644 usto
2100 3610 2115 3645 ε
2164 3593 2241 3645 uti
2286 3594 2485 3646 dictum
2527 3604 2605 3643 est

1592 3670 1753 3738 paulo
1792 3683 1942 3734 ante,
1992 3672 2075 3723 his
2116 3672 2286 3725 verbis
2316 3690 2329 3722 :
2384 3698 2403 3718 ι
2437 3670 2521 3721 Fit
2553 3685 2605 3722 et

1593 3748 1771 3803 lotura
1796 3749 2017 3819 plurimi
2044 3769 2197 3813 usus,
2222 3762 2357 3802 etc.»
2394 3751 2577 3802 Hnm.

1672 3829 1760 3879 LI.
1804 3847 1851 3880 1.
1906 3828 2121 3882 Scoria.-
2139 3830 2315 3880 Diosc.
2380 3826 2602 3881 totidem

1590 3908 1797 3973 verbis,
1826 3908 1897 3974 V,
1929 3928 2019 3979 97.
2048 3908 2112 3960 li.
2134 3906 2398 3959 ——Scoria
2423 3928 2608 3981 quoque

575 3990 659 4040 18.
693 3988 820 4055 Quoe
856 3987 1048 4047 chartis.
1088 3984 1168 4036 De
1209 3984 1401 4037 chartae
1446 3984 1501 4035 in
1585 3986 1787 4055 plumbi.
1821 3989 1897 4039 De
1929 3987 2095 4041 scoria
2120 3987 2357 4057 plumbi,
2382 3988 2629 4059 spodio„
