2975 4684
463 366 562 439 90
1021 345 1100 413 c
1151 331 1491 416 PLINH
1532 344 1753 414 NAT.
1798 343 2057 412 nisi.

465 475 778 546 admixto.
839 463 1064 546 Sistit⁵
1119 491 1189 546 et
1253 479 1645 573 sanguinem
1720 503 1761 547 e
1832 476 2109 558 cerebro
2184 443 2608 548 defluentem.

463 582 824 653 Efficacior
867 597 940 652 et
989 597 1227 654 contra
1285 587 1574 655 recentia
1616 569 1937 654 vulnera⁶
1966 611 1981 652 ε
2032 597 2101 652 et
2140 595 2379 654 contra
2419 597 2609 654 vete-

465 715 572 759 res
629 713 870 760 canum
923 715 1186 760 morsus
1251 693 1589 788 inspersus
1655 690 1867 760 farina
1914 717 1930 758 ε
1991 704 2059 759 et
2083 690 2106 729 ⁷
2172 705 2409 759 contra
2470 715 2609 760 am·

463 795 714 866 busta
697 797 865 891 lgni,
918 821 1072 866 cum
1115 798 1343 894 adipe,
1385 824 1465 869 ac
1504 783 1781 894 spuma⁸
1824 797 2114 893 argenti,
2172 820 2570 892 cerussaque
2590 851 2611 884 ‚

398 937 425 970 2
464 917 533 972 et
582 926 752 972 cera.
815 902 1104 972 Uritur⁹
1161 920 1388 976 autem
1445 906 1599 976 offis
1660 903 1893 975 bubuli
1956 903 2099 974 fimi
2164 902 2611 974 circumlitum

463 1011 534 1077 in
583 1007 858 1079 clibanis
903 1035 924 1078 τ
981 1010 1215 1080 dein¹⁰
1273 1014 1708 1108 restinguitur
1766 1009 2123 1080 mulierum
2192 1009 2398 1092 laete,
2456 1011 2611 1079 teri-

463 1129 708 1210 turque
761 1117 830 1184 in
889 1118 1251 1205 mortariis,
1299 1119 1593 1189 admixta
1641 1143 1811 1214 aqua
1870 1116 2115 1213 pluvia.
2178 1119 2278 1188 Ac
2329 1115 2613 1187 subinde

465 1221 808 1291 turbidum
848 1223 1334 1294 transfunditur
1361 1227 1428 1295 in
1456 1250 1699 1296 aereum
1733 1249 1888 1310 vas,
1925 1238 1993 1294 et
2018 1222 2378 1293 mundatur
2408 1225 2609 1294 nitro,

465 1331 619 1398 Faex
683 1329 825 1422 ejus
902 1328 1292 1426 intelligitur
1349 1331 1917 1428 plumbosissima,
1976 1353 2259 1425 quaeque
2308 1328 2608 1400 subsedit

464 1435 535 1502 in
575 1436 896 1505 mortario
937 1437 1396 1534 abjiciturque.
1420 1441 1598 1509 Dein
1624 1441 1741 1509 fis
1762 1491 1781 1526 ,
1820 1440 1891 1507 in
1917 1462 2051 1532 quo
2085 1436 2357 1506 turbida
2390 1451 2608 1506 trans·

463 1539 614 1610 fusa
651 1557 835 1630 sunt,
878 1559 1188 1639 opertum
1233 1545 1439 1616 linteo
1469 1571 1591 1641 per
1616 1561 1887 1616 noctem
1918 1542 2351 1638 relinquitur,
2392 1558 2463 1613 et
2492 1568 2611 1638 po·

462 1662 640 1718 stero
683 1648 792 1719 die
840 1650 1021 1745 quod
1077 1653 1366 1740 innatat,
1415 1653 1830 1740 effunditur,
1886 1651 2297 1748 spongiaque
2336 1648 2610 1720 tollitur.

385 1769 425 1820 3
461 1754 668 1843 Quod
697 1755 792 1824 ibi
825 1757 1157 1846 subsedit,
1195 1759 1320 1828 flos
1354 1759 1766 1854 intelligitur,
1796 1782 1877 1828 ac
1905 1755 2181 1827 linteolo
2217 1757 2611 1852 interposito

460 1927 716 1982 illinunt.
737 1945 844 2020 qua
871 1927 942 1982 de
963 1946 1117 1983 causa
1139 1943 1193 1983 et
1213 1935 1481 2001 γυναικεῖον
1590 1929 1859 1985 scon-idio·
1842 1930 2013 2000 ipsius
2037 1929 2157 1983 brec
2197 1929 2361 1981 verba
2392 1941 2537 1994 sunt,
2539 1911 2613 1996 V,

459 2027 489 2060 a
512 2007 757 2062 Dioscor.
781 2007 838 2060 in
861 2008 1054 2062 Notbis
1070 2023 1306 2063 vocatur.
1323 2011 1485 2064 11...
1592 2028 1711 2080 99.
1742 2001 1887 2070 ἰδίως
1918 2005 1979 2060 δὲ
2006 2008 2076 2060 τὰ
2110 2009 2487 2077 κατακαὺματα
2526 2011 2614 2060 οὐκ.

457 2087 694 2140 stibium
721 2087 994 2142 Ambibus
1019 2109 1167 2142 nunc
1195 2088 1394 2145 dicitnr
1429 2091 1491 2143 a!
1588 2094 1649 2162 δᾷ
1684 2093 2037 2160 inquinem,
2070 2089 2158 2141 σὺν
2199 2088 2343 2147 eia-rt
2372 2105 2614 2158 καταχρι·

457 2167 564 2220 Ka·
566 2169 664 2224 hol.
692 2167 924 2223 Femina
951 2167 1128 2223 adhuc.
1155 2187 1220 2223 eo
1253 2170 1486 2242 pingunt

455 2248 673 2316 oculos;
699 2251 797 2321 qui
820 2267 936 2302 mos
957 2249 1351 2321 antiquissimus
1375 2264 1479 2317 est,

457 2340 593 2382 teste
623 2329 886 2394 Jeremia,
923 2330 1023 2394 IV,
1065 2333 1153 2384 30.
1192 2329 1278 2384 Cl.
1323 2331 1482 2385 Snuv
1512 2333 1521 2350 ⁸

457 2407 593 2478 vidit
627 2411 905 2480 pulverem
939 2409 1092 2462 illum
1131 2409 1278 2462 stibii
1311 2424 1365 2464 et
1399 2411 1486 2465 lo-

456 2506 578 2540 vem
599 2487 914 2542 arundinem
939 2507 1044 2560 qua
1066 2491 1356 2544 utebantur
1375 2491 1486 2562 pri-

455 2567 530 2622 ·ci
547 2607 565 2632 ,
594 2579 654 2620 ut
671 2569 814 2620 inter
835 2569 1087 2641 papillam
1113 2570 1256 2624 oculi
1283 2584 1340 2624 et
1365 2573 1482 2642 pal·

455 2647 649 2718 pebras
674 2647 896 2700 stibium
922 2648 1272 2712 inducerent,
1321 2663 1376 2704 et
1404 2652 1505 2705 sic·

455 2725 640 2780 oeulos
665 2726 975 2792 dilatarent,
1000 2741 1209 2801 reperta
1229 2731 1288 2784 in
1311 2731 1484 2803 sepul-

457 2805 562 2859 cris
598 2803 795 2860 deserti
814 2829 828 2858 ε
865 2807 1016 2880 quod
1054 2810 1258 2864 Arabes
1287 2822 1486 2864 vocent

455 2885 666 2940 Sakara.
721 2889 880 2941 Snuw
903 2927 920 2954 ,
985 2890 1186 2962 Voyag.
1237 2903 1372 2944 tom.
1420 2891 1450 2944 1
1467 2929 1484 2956 ‚

452 2985 576 3039 pag.
603 2966 736 3022 382.
763 2969 934 3021 Bao-r.

538 3047 591 3100 5.
619 3045 780 3100 Sis-tit.
803 3047 980 3102 Dione.
1003 3049 1042 3102 l.
1067 3067 1114 3102 e.
1145 3049 1333 3104 lhan-

533 3128 587 3179 6.
601 3125 878 3196 Efficacior
895 3139 946 3178 et
959 3140 1128 3180 coum
1147 3133 1355 3182 recentia
1367 3131 1482 3182 vul-

455 3225 591 3258 nera.
609 3205 798 3260 Scribe
812 3245 829 3270 ,
851 3231 884 3274 .·
903 3207 1094 3263 efficax
1118 3221 1172 3263 et
1189 3223 1378 3264 contra
1397 3227 1484 3263 re·

453 3285 628 3338 centia
652 3301 922 3352 venem,-
951 3305 1016 3342 ex
1033 3288 1235 3361 scripto
1261 3289 1448 3342 codice
1464 3309 1479 3340 ε

453 3377 578 3419 sunt
591 3365 732 3419 enim
751 3367 982 3421 recentia
1004 3381 1059 3421 et
1075 3369 1364 3424 inveterata
1391 3387 1481 3423 ve·

453 3461 617 3511 nene,
641 3459 704 3499 ut
733 3464 890 3516 supra
919 3461 1170 3502 notatum
1200 3461 1294 3503 est.
1318 3450 1477 3502 Purr-

534 3545 590 3596 7.
621 3525 696 3578 Ee
721 3539 858 3578 contr
831 3547 889 3578 ra
913 3530 1172 3580 ambusta
1154 3532 1272 3598 igni.
1301 3529 1480 3582 Plinio

449 3604 628 3659 dicam
674 3606 862 3659 scribit
907 3597 1059 3675 (not.
1101 3627 1213 3679 aeq.
1231 3599 1254 3676 )
1299 3609 1478 3662 Dulce.

451 3685 599 3757 quod
635 3703 800 3758 quum
842 3703 1042 3758 grecus
1085 3700 1274 3740 auctor
1301 3707 1330 3740 a
1363 3706 1477 3759 quo

451 3765 684 3820 hausit-e
699 3766 814 3819 hnc
837 3765 1075 3832 videtur,
1101 3765 1300 3820 dixerit
1329 3769 1478 3838 ςίαρ,

451 3845 566 3916 ipse
604 3844 824 3899 verterit
860 3846 1070 3919 adipem
1091 3886 1106 3912 ,
1145 3865 1314 3919 quum
1351 3847 1478 3900 fari-

449 3941 577 3978 nam
601 3943 738 3997 aqua
758 3928 1028 3981 subactam
1061 3947 1124 3981 ea
1149 3945 1282 3982 voce
1317 3926 1478 3980 intel-

450 4002 546 4075 ligi
576 4006 748 4060 multo
791 4008 994 4082 aquine
1039 4008 1216 4064 fuerit.
1253 4009 1326 4062 At
1352 4007 1480 4061 Dio·

1588 2173 1747 2224 colvm
1720 2177 1911 2240 νεαρῷ,
1944 2179 2044 2221 etc.
2084 2166 2389 2220 ..Privatim
2418 2166 2612 2220 ambu-

1583 2265 1665 2305 sta
1690 2251 1801 2320 igni
1828 2251 1883 2302 in
1910 2247 2169 2302 crustulas
2192 2263 2473 2318 erumpere
2496 2265 2611 2300 ιιοιι

1585 2331 1804 2404 patitur.
1824 2347 1949 2383 cum
1980 2327 2185 2382 recenti
2205 2325 2365 2396 adipe
2388 2325 2609 2391 illitum,

1585 2425 1683 2466 etc.
1722 2408 1936 2463 -Certe
1978 2409 2153 2479 aptior
2188 2404 2256 2459 ad
2294 2367 2611 2459 illinenduni

1584 2490 1766 2562 adeps,
1783 2507 1943 2562 quam
1962 2488 2148 2541 farinae
2163 2504 2331 2539 massa
2344 2485 2608 2540 suh-eto:

1586 2591 1687 2624 nec
1712 2570 1781 2624 de
1817 2587 1878 2623 ea
1904 2569 2069 2639 νεαρὸν
2104 2570 2257 2636 στέαρ
2286 2564 2399 2619 dici
2434 2565 2611 2636 legere

1586 2669 1677 2704 me
1702 2649 1919 2702 memini
1940 2687 1955 2714 ,
1982 2665 2089 2702 nec
2118 2644 2282 2700 credo
2306 2663 2464 2716 posse
2498 2664 2515 2698 ε
2541 2644 2610 2698 de

1586 2729 1747 2802 adipe
1768 2729 1967 2782 recenti
1994 2728 2232 2799 legitime
2261 2723 2477 2780 dicitur.
2502 2727 2611 2778 De·

1584 2812 1751 2882 nique
1767 2827 1879 2862 ιιοιι
1902 2807 2107 2862 Plinius
2128 2805 2309 2865 modo,
2332 2805 2430 2859 sed
2455 2817 2513 2858 et
2522 2805 2615 2858 Se·

1584 2890 1738 2963 rapio
1781 2907 1995 2962 quoque
2035 2885 2197 2958 adipe
2237 2886 2457 2939 stibium
2508 2885 2613 2938 eir-

1588 2970 1814 3024 emnlini
1833 2971 2037 3041 pariter
2062 2966 2277 3021 solitum
2298 2966 2485 3020 scribit
2508 2983 2523 3016 :
2554 2977 2609 3018 et

1588 3067 1619 3104 e
1654 3049 2042 3104 recentioribus
2078 3047 2348 3118 Faltopiu·
2386 3045 2454 3099 de
2484 3044 2607 3098 Nat.

1588 3129 1825 3191 fossil.V,
1855 3147 1946 3198 ²9·
1972 3129 2158 3181 Halm.

1670 3211 1724 3264 8.
1762 3209 1885 3262 Cum
1926 3207 2071 3278 adipe
2100 3227 2160 3258 at.-
2206 3224 2377 3276 spuma
2398 3207 2610 3275 argenti.

1586 3286 1923 3344 Vei-tendum
1986 3305 2051 3340 ex
2117 3284 2431 3340 Dioscoride
2444 3323 2461 3350 ,
2520 3281 2614 3336 sed

1585 3387 1753 3422 massa
1808 3367 1993 3419 farina
2036 3383 2176 3438 aqua
2232 3367 2497 3424 subacta,
2540 3371 2613 3433 τῷ

1584 3451 1747 3509 eia-rt.
1751 3445 1894 3500 Vide
1932 3446 2139 3518 lapsum
2171 3445 2419 3498 eumdem
2454 3419 2616 3497 Plinii

1584 3525 2018 3582 animadversum
2038 3545 2196 3598 supra
2220 3525 2315 3578 lib.
2336 3525 2473 3590 XX,
2484 3543 2533 3577 e.
2556 3541 2615 3592 9.

1585 3610 1791 3664 Daue.
1806 3595 2025 3660 -Vid.
2057 3619 2170 3658 not.
2198 3625 2315 3677 sup.

1668 3707 1721 3758 9.
1752 3687 1815 3740 Ur
1830 3691 1943 3740 itur.
1972 3686 2129 3740 Hunc
2153 3686 2265 3738 sere
2290 3681 2485 3744 urendi
2504 3702 2618 3734 tuo-

1584 3767 1714 3822 dum
1753 3766 1912 3822 docet
1936 3767 2150 3821 Oribas.
2182 3766 2353 3828 XIII,
2388 3762 2617 3834 p.·231.

1588 3849 1773 3902 Haut).

1556 3935 1585 3948 “
1670 3947 1755 3984 ιο.
1780 3929 1907 3980 Dein
1922 3929 2249 3997 mtingaitur.
2264 3923 2440 3975 Dione.
2470 3922 2617 3975 simi-

1588 4007 1726 4076 liter,
1742 4009 1815 4074 V,
1844 4025 1918 4078 99
1944 4025 1959 4062 ε
1988 4005 2221 4078 ῦξαιριθὶν
2256 3998 2318 4056 δᾶ
2350 3999 2615 4066 σὸᾆννυται
