2975 4684
353 919 414 959 ὀ

452 438 600 521 452

997 434 1074 499 C.
1125 422 1434 499 PLINII
1479 413 1677 483 NAT.
1728 410 1978 478 HIST.

451 598 524 641 se
553 568 955 640 contrahens.
1001 562 1082 624 In
1121 576 1366 625 summo
1402 558 1497 614 est
1527 540 1846 638 quadriga
1884 565 2295 627 marmorea,
2322 569 2535 639 ‘quam

398 651 400 654 Ι
453 677 604 743 fecit
635 649 934 761 Pytiiis¹³.
982 665 1139 729 Haec
1171 658 1410 747 adjecta
1443 662 1708 717 centum
1746 648 2181 744 quadraginta
2199 636 2245 681 ¹⁴
2292 650 2545 745 pedum.

449 772 780 847 altitudine
821 780 1028 835 totum
1059 786 1220 855 opus
1253 753 1543 824 includit.

543 872 865 942 Timothei
907 892 1104 937 manu
1141 864 1352 932 Diana
1390 862 1625 929 Romae
1660 874 1759 929 est
1796 862 1866 929 in
1900 859 2181 949 Palatio,
2218 860 2539 956 Apollinis

441 978 710 1053 delubro
733 1030 756 1063 ,
793 976 897 1045 cui
933 974 1114 1065 signo
1159 980 1358 1060 eaput
1397 968 1695 1062 reposuit
1730 966 2045 1037 Aulanius
2092 968 2419 1038 Evander.
2456 972 2540 1038 In

437 1106 672 1178 magna
693 1078 1113 1149 admiratione
1129 1087 1228 1141 est
1243 1086 1312 1141 et
1321 1071 1641 1143 Hercules
1655 1072 2043 1143 Menestrati
2057 1060 2104 1097 ¹⁵
2121 1089 2219 1143 :et
2236 1060 2539 1145 Hecate¹⁶

437 1186 676 1285 Ephesi
705 1189 772 1255 in
808 1177 1044 1274 templo
1081 1180 1312 1249 Dianae
1341 1194 1492 1273 post
1530 1180 1735 1249 aedem
1758 1230 1778 1263 ,
1816 1181 1883 1247 in
1916 1179 2103 1272 cujus
2132 1180 2537 1276 contempla·
2574 1258 2581 1263 ⁶

435 1295 610 1367 tione
667 1291 1012 1363 admonent
1067 1283 1287 1353 aeditui
1340 1310 1612 1380 parcere
1652 1285 1895 1374 oculis,
1960 1300 2145 1355 tanta
2194 1289 2540 1357 marmoris

431 1402 702 1473 radiatio
730 1408 840 1463 est.
875 1391 1028 1458 Non
1059 1391 1519 1484 postferuntur
1552 1407 1618 1462 et
1645 1390 2003 1462 Charites¹⁷
2042 1394 2109 1461 in
2128 1379 2175 1417 ¹⁸
2203 1392 2535 1489 propylaeo

433 1500 910 1579 Atheniensium
929 1548 949 1582 ‚
975 1520 1140 1589 quas
1161 1499 1466 1569 Socrates
1492 1500 1684 1587 fecit,
1698 1498 1863 1569 alius
1888 1496 1996 1567 ille
2018 1498 2271 1593 quam¹⁹
2292 1502 2536 1595 pictor:

512 1702 534 1736 1
547 1682 576 1735 3
598 1679 747 1747 Quam
757 1671 883 1737 fecit
897 1668 1086 1741 Pythis.
1099 1674 1250 1734 Πύθις
1269 1712 1284 1738 ,
1307 1673 1437 1725 scul-

431 1776 564 1835 ptor.
589 1756 762 1809 Hsan.

511 1844 591 1899 τά.
621 1834 744 1885 Hoec
783 1830 977 1898 adjecta
1007 1841 1192 1883 eentum
1231 1832 1438 1903 quadra-

425 1924 562 1991 ginta
597 1912 782 1978 pedum.
823 1910 1000 1962 Locus
1039 1910 1126 1963 hic
1167 1918 1438 1980 suspectus

426 2010 513 2051 est.
541 1993 672 2046 Nam
711 2008 879 2061 quum
907 1988 1131 2041 altitudo
1173 1989 1439 2041 inferioris

425 2072 626 2131 edificii
669 2068 832 2123 fuerit
860 2087 1048 2121 xxxvu
1081 2066 1278 2139 pedum
1311 2084 1434 2119 cum

423 2149 660 2214 dimidio,
707 2147 1112 2221 pyramidisque
1146 2164 1244 2217 par
1282 2145 1436 2197 celsi-

425 2250 529 2295 tas,
571 2246 822 2283 numerus
853 2228 896 2279 is
935 2226 1233 2297 geminatus
1275 2224 1438 2278 efficit

421 2310 584 2385 pedes
617 2328 772 2371 Lxxv,
812 2324 946 2377 quos
979 2305 1022 2355 si
1053 2304 1120 2356 ab
1155 2302 1436 2357 altitudine

422 2392 582 2445 totius
607 2388 813 2460 operis,
834 2403 955 2455 quae
978 2384 1077 2435 fuit
1103 2402 1205 2435 ext.
1233 2382 1436 2454 pedum

418 2472 652 2531 auferas,
696 2465 968 2519 restabunt
1005 2460 1166 2533 pedes
1214 2479 1317 2515 nv
1343 2464 1440 2516 tri-

419 2546 616 2609 huendi
657 2544 926 2615 quadrigas
953 2542 1238 2613 impositae,
1275 2556 1328 2595 et
1355 2544 1436 2595 vi-

421 2628 551 2701 ginti
576 2624 825 2696 gradibus
865 2621 934 2678 ad
965 2620 1255 2695 pyramidis
1285 2618 1438 2675 basin

417 2705 700 2763 collocatis.
717 2704 840 2757 Non
865 2714 946 2755 est
965 2714 1138 2777 autem
1161 2702 1438 2774 probabile

419 2783 754 2840 altitudinem
777 2794 974 2837 tantam
989 2780 1149 2835 fuisse
1172 2779 1438 2854 quadrng

417 2876 470 2917 et
491 2863 770 2935 graduum.
801 2864 938 2915 Du..
959 2892 1041 2904 --
1060 2860 1188 2914 Hoec
1217 2863 1406 2935 adjecta
1423 2900 1438 2928 ,

419 2956 520 2997 etc.
577 2942 856 2997 Columnis
909 2940 1142 3012 primum
1167 2980 1184 3003 ,
1245 2942 1438 3012 quibus

417 3042 554 3093 opus
582 3022 802 3075 inferius
847 3021 1160 3091 cingebatur
1199 3018 1439 3073 include·

417 3102 713 3173 baturque,
741 3099 969 3156 altitudo
995 3100 1128 3166 fuit,
1155 3113 1215 3153 ut
1261 3103 1439 3172 conje-

419 3182 624 3246 cimus,
667 3180 866 3251 pedum
909 3192 972 3233 ut
1014 3180 1294 3233 minimum
1347 3199 1436 3233 nx.

421 3261 588 3333 Operi
615 3258 812 3314 deinde
841 3260 924 3312 his
951 3260 1201 3331 imposito
1223 3278 1316 3314 seu
1344 3278 1442 3330 py-

419 3339 612 3393 ramidi
639 3340 901 3411 superiori
917 3377 932 3401 ,
972 3338 1197 3393 altitudo
1225 3339 1442 3393 inferio-

419 3422 470 3473 ri
497 3438 627 3493 par‚
655 3421 758 3473 boc
797 3432 906 3484 est,
938 3438 1075 3473 xxxv
1111 3420 1436 3477 cubitorum,

419 3518 538 3565 seu,
563 3498 710 3572 quod
739 3498 883 3553 idern
910 3512 986 3552 est
1002 3537 1017 3563 ‚
1055 3498 1250 3568 pedum
1276 3516 1362 3549 vn
1389 3510 1444 3550 et

417 3598 526 3633 xxx
551 3599 674 3633 cum
697 3580 936 3633 semisse:
961 3596 1081 3631 nam
1109 3580 1319 3632 cubitus
1344 3596 1439 3647 pe-

419 3658 542 3713 dem
575 3678 696 3714 cnm
728 3658 940 3713 semisse
969 3658 1194 3711 obtinet.
1221 3658 1358 3710 Sunt
1378 3654 1438 3709 hi

417 3737 580 3809 pedes
607 3741 772 3793 ferme
801 3752 1030 3792 centum.
1082 3738 1260 3801 Quare
1307 3754 1439 3807 qua-

419 3816 626 3891 drigeni
650 3817 920 3892 quadriga
963 3836 1083 3871 cum
1127 3814 1438 3887 triumphali

417 3916 578 3953 curru
635 3913 698 3953 ut
759 3898 1048 3967 plurimum
1113 3894 1433 3949 tribuentur.

417 3976 567 4030 Nihil
600 3979 690 4031 hic
732 3976 953 4029 Allatius
995 3974 1165 4041 vidit,
1194 3976 1250 4028 in
1295 3975 1436 4028 libro

417 4056 688 4123 Philonis,
719 4052 788 4107 de
813 4066 1009 4126 septem
1043 4056 1191 4110 orbis
1209 4057 1436 4111 miracu·

1521 1672 1617 1726 lis:
1638 1666 1773 1726 nihil
1802 1673 2199 1745 Dalecampius,
2221 1676 2313 1747 qui
2336 1674 2545 1747 praeivit

1523 1752 1734 1806 Allatio.
1759 1753 1943 1805 Hann.

1610 1847 1630 1882 1
1645 1830 1697 1884 5,
1714 1833 2013 1885 Menestrati.
2030 1833 2375 1903 Μινίστρατον
2396 1834 2544 1890 hunc

1522 1908 1699 1963 laudat
1723 1910 1975 1963 Tatianus
2002 1910 2055 1963 in
2084 1912 2341 1965 Oratione
2358 1926 2543 1966 contra

1522 1988 1767 2050 Gummi,
1786 2006 1842 2057 p.
1877 1991 2004 2042 182.
2041 1990 2223 2042 flium.

1608 2071 1695 2121 16.
1726 2066 1927 2119 Hecate.
1959 2069 2043 2121 Sic
2082 2082 2252 2139 poetae
2295 2070 2505 2121 Lunam
2525 2110 2541 2132 ,

1521 2146 1890 2217 Proserpinam
1908 2186 1924 2211 ,
1965 2147 2187 2201 Dianam
2236 2148 2403 2220 ipsam
2444 2168 2543 2201 vo-

1522 2238 1660 2279 cant.
1689 2224 1873 2279 Haut).
1892 2258 1973 2269 —-
1988 2228 2218 2280 Hercules
2236 2228 2539 2281 Menestrati.

1522 2304 1645 2358 Non
1692 2316 1858 2359 exstat
1902 2305 1991 2361 ille
2036 2302 2319 2373 Hercules,
2362 2309 2456 2380 qui
2486 2309 2541 2360 in

1520 2394 1709 2456 magna
1740 2384 2083 2440 admiratione
2116 2384 2234 2441 fuit.
2267 2390 2336 2441 At
2364 2390 2545 2442 llomae

1522 2464 1581 2517 in
1609 2467 1802 2537 palatio
1842 2466 2161 2521 Parnasiano
2191 2468 2379 2520 visitur
2412 2468 2545 2521 Her-

1521 2544 1667 2597 cules
1693 2546 1951 2617 Glyconis
1973 2546 2343 2612 Atheniensis,
2365 2548 2456 2618 qui
2490 2558 2545 2600 et

1522 2622 1635 2693 ipse
1654 2637 1730 2679 est
1751 2642 1954 2678 summa
1976 2624 2321 2679 admiratione
2334 2625 2540 2697 dignus,

1522 2716 1578 2755 et
1602 2704 1746 2757 inter
1768 2704 2197 2777 prestantissima
2220 2705 2543 2776 exemplaria

1522 2784 1714 2854 quibus
1732 2784 1985 2837 restitntae
2006 2796 2133 2837 sunt
2153 2798 2317 2849 artes,
2340 2804 2543 2838 memo·

1522 2863 1737 2917 raudus.
1778 2864 2027 2917 Inventus
2072 2878 2151 2917 est
2191 2864 2247 2917 in
2298 2862 2545 2919 Thermis

1522 2944 1899 2996 Antoninianis
1915 2982 1931 3009 ,
1956 2944 2055 2996 sub
2083 2943 2249 2997 Paulo
2270 2945 2356 2997 111
2372 2985 2387 3010 ‚
2408 2963 2543 3017 pon·

1524 3022 1665 3075 tifice
1688 3024 1937 3075 maximo.
1967 3024 2137 3077 Bao-r,

1612 3118 1699 3170 17.
1736 3102 1972 3155 Charites.
2004 3102 2219 3157 Gratim.
2242 3102 2422 3156 Hsan.

1612 3184 1701 3236 18.
1742 3182 1802 3233 In
1836 3182 2107 3251 propyloeo.
2154 3182 2307 3234 Arois
2350 3182 2544 3252 nempe

1526 3259 1807 3313 vestibulo.
1838 3262 2021 3315 fflan.

1612 3356 1699 3409 19.
1729 3330 1877 3393 Alius
1904 3341 1987 3392 ille
2008 3359 2147 3412 qnam
2166 3342 2341 3409 pictor.
2373 3340 2451 3391 Ita
2477 3338 2544 3390 li-

1525 3417 1609 3470 bri
1632 3438 1842 3486 omnes,
1874 3420 2033 3472 etiam
2060 3418 2213 3473 MSS.
2246 3414 2353 3483 Qui
2380 3418 2545 3471 alium

1526 3498 1895 3554 existimarunt
1920 3498 2188 3551 Socratem
2220 3499 2363 3551 hunc
2404 3517 2547 3563 esse,

1526 3596 1686 3647 quam
1705 3580 1963 3650 pictorem
1982 3617 1998 3645 ,
2014 3576 2083 3631 de
2096 3597 2203 3650 quo
2218 3578 2314 3631 lib.
2337 3578 2549 3643 XXIII,

1527 3676 1644 3727 cap.
1699 3665 1793 3722 4ο,
1840 3658 2221 3731 philosophum
2270 3676 2392 3711 eum
2440 3676 2551 3712 esse

1528 3748 1845 3791 censuerunt
1866 3739 2101 3792 Platonis
2122 3738 2449 3809 magistrum.
2468 3737 2549 3789 Ex

1524 3818 1719 3869 horum
1756 3836 1981 3872 numero
2010 3819 2289 3872 Pausanias
2324 3816 2551 3880 exstitit,

1525 3906 1639 3949 tum
1668 3898 1763 3951 lib.
1790 3899 1900 3963 Ix,
1924 3918 1981 3969 p.
2022 3899 2133 3965 596
2156 3917 2168 3946 :
2196 3895 2460 3965 Σωκράτης
2487 3890 2549 3948 δί

1524 3978 1547 4028 ὀ
1578 3978 1908 4048 Σωφρονίσκου
1927 3980 2019 4046 πρὸ
2040 3982 2127 4035 τῆς
2154 3976 2203 4035 ἒς
2223 3978 2309 4031 τῆν
2336 3976 2551 4046 ἀκρόπο-

1522 4062 1596 4107 λιν
1625 4052 2073 4125 ἱσόδιυ,Χαρίτων
2102 4054 2367 4126 εἰργάσατο
2394 4053 2550 4126 ἀγάλ·
