2975 4684
404 279 535 353 158

934 283 1015 350 C.
1066 280 1391 351 PLINII
1441 282 1657 351 NAT.
1711 282 1976 351 HlsT.
2063 298 2088 309 ‘

394 416 769 488 ficationem
820 414 975 482 anni
989 412 1037 498 ⁷,
1108 415 1425 509 temporis
1468 427 1538 483 et
1592 416 1713 483 aevi
1733 402 1755 439 ⁸
1799 440 1868 483 se
1925 414 2124 483 deum
2173 414 2506 485 indicaret.

331 554 361 587 ι
395 520 637 619 Signa⁹
692 543 955 613 quoque
1011 521 1377 590 Tuscanica
1430 544 1552 613 per
1603 534 1812 589 terras
1869 515 2188 615 dispersa,
2240 545 2386 615 quae
2440 523 2509 589 in

395 628 662 699 Etruria
698 625 994 693 factitata
1024 648 1159 693 non
1202 639 1303 695 est
1342 625 1644 695 dubium.
1687 628 1984 695 Deorum
2027 640 2284 695 tantum
2321 639 2508 721 puta-

396 758 539 803 rem
576 756 653 799 ea
696 730 929 812 fuisse,
980 732 1047 799 ni
1076 731 1502 801 Metrodorus
1541 734 1880 825 Scepsim,
1929 734 2034 801 cui
2070 756 2452 825 cognomen
2469 754 2509 799 a

396 838 649 907 romani
686 836 969 905 nominis
1012 834 1235 905 0di0¹⁰
1278 837 1556 939 inditum
1601 850 1738 923 est,
1781 852 2056 933 propter
2105 837 2239 906 duo
2303 834 2508 905 millia

396 956 762 1012 statuarum
776 938 1119 1009 Volsinios
1110 957 1545 1062 expugnatos
1573 943 1919 1035 objiceret:
1951 945 2322 1037 mirumque
2349 942 2510 1009 mihi

394 1049 677 1131 videtur,
692 1072 897 1141 quum
912 1061 1275 1117 statuarum
1294 1051 1486 1143 origo
1500 1062 1636 1117 tam
1651 1063 1840 1117 vetus
1853 1050 1920 1117 in
1933 1048 2125 1117 Italia
2152 1048 2263 1130 sit,
2288 1046 2504 1139 lignea

396 1156 647 1249 potine,
679 1167 795 1221 aut
828 1152 1051 1221 fictilia
1083 1153 1360 1222 deorum
1396 1152 1808 1223 simulacra⁸¹
1835 1155 1904 1221 in
1939 1151 2226 1222 delubris
2251 1152 2509 1237 dicata,

330 1280 363 1333 3
398 1284 604 1354 usque
665 1258 748 1327 ad
804 1257 1129 1328 devictam
1185 1260 1443 1345 Asiam,

1497 1260 1672 1328 unde
1719 1258 1992 1361 luxuria.
2041 1255 2512 1327 Similitudines

397 1363 804 1470 exprimendi
827 1389 973 1457 quae
996 1364 1209 1458 prima
1238 1364 1439 1434 fuerit
1460 1366 1681 1459 erige,
1713 1365 1781 1433 in
1799 1388 1878 1433 ea
1896 1356 2130 1457 quam¹
2137 1360 2508 1481 'plasticen

396 1472 615 1543 Graeci
642 1484 919 1555 vocant,
956 1468 1083 1537 dici
1106 1472 1604 1539 convenientius
1627 1472 1791 1539 erit.
1821 1470 2060 1538 etenim
2085 1470 2288 1562 prior,
2314 1492 2511 1561 quam

396 1699 749 1774 quodannum
764 1698 957 1760 Numa,
970 1696 1417 1767 quisimulacrum

398 1781 502 1833 hoc
546 1776 844 1839 dedicavit,
870 1792 1041 1827 cccxx
1068 1773 1277 1828 dierum
1308 1792 1417 1827 esse

398 1854 736 1911 solummodo
769 1852 995 1905 sciverit.
1038 1852 1280 1917 Primus,
1302 1853 1419 1922 opi·

398 1954 520 1999 nor,
569 1931 839 1986 Manutius
856 1970 872 1993 ‚
924 1929 981 1981 in
1038 1891 1280 1983 editione
1322 1946 1419 1983 sua

401 2014 529 2067 anni
550 2030 575 2065 ι
590 2011 725 2078 559,
747 2011 1099 2080 quinquaginta
1114 2008 1338 2061 mutavit
1356 2009 1413 2059 in

398 2096 668 2162 sexaginta.
690 2090 873 2142 Haan.

484 2192 535 2242 7.
582 2170 683 2223 Per
726 2166 1118 2238 significationem
1158 2167 1291 2215 anni.
1332 2165 1417 2219 Ita

400 2250 557 2305 MSS.
576 2264 630 2305 et
650 2248 777 2304 edit.
804 2248 1065 2317 princeps.
1090 2244 1219 2297 Haec
1240 2255 1415 2296 tamen

400 2332 687 2385 Tor-tentio
732 2324 1080 2393 Protei-ioque
1120 2320 1417 2375 redundare

400 2408 683 2472 videntur,
708 2419 764 2459 et
790 2404 859 2457 ab
882 2401 1249 2473 antiquissimo
1273 2401 1417 2455 illius

400 2488 589 2543 codice
615 2488 849 2540 aberant.
876 2482 979 2534 En.

482 2570 539 2622 8.
562 2567 707 2619 AEvs‘.
736 2560 973 2617 eodinu-
1008 2559 1067 2613 in
1106 2560 1417 2615 Constanti·

400 2646 617 2716 nopoli,
638 2662 757 2716 pag.
778 2642 891 2693 13:
910 2640 1093 2693 aeaut
1108 2642 1306 2711 πατέρα.
1329 2646 1415 2692 τοῦ

400 2728 587 2796 χρόνου.
614 2725 795 2777 Iino

486 2822 539 2873 9.
564 2802 718 2873 Signa
740 2818 923 2874 quoqu
946 2790 1231 2851 Tuscanica.
1259 2796 1419 2849 Phia-

402 2885 481 2938 las
504 2900 727 2955 quoque
746 2896 928 2934 aureas
946 2878 1003 2930 in
1024 2878 1218 2931 Tuscia
1240 2876 1419 2929 elabo-

404 2976 547 3018 ratas
591 2960 773 3017 laudat
822 2956 1017 3011 Critias
1066 2968 1223 3026 poeta
1272 2952 1419 3026 apud

405 3044 599 3095 Athen.
622 3044 677 3104 1,
701 3056 821 3111 pag.
850 3037 956 3089 28.
983 3037 1203 3103 Τυρσηνὴ
1222 3032 1281 3088 δὲ
1302 3054 1421 3102 xpa-

406 3125 484 3175 τιῖ
504 3120 803 3190 macrones
832 3118 994 3185 φιαλη.
1018 3116 1247 3167 Duriora
1272 3114 1419 3183 signa

408 3214 463 3253 et
494 3196 801 3253 Tuscanicis
840 3194 1108 3265 proxima,
1142 3193 1214 3247 ait
1250 3193 1420 3258 Quin-

408 3280 493 3333 til.
517 3278 657 3338 XII,
690 3293 787 3337 ιο,
814 3291 873 3344 p.
904 3276 1055 3343 89⁴,
1082 3285 1143 3327 ut
1168 3271 1420 3344 rigidiora

407 3360 567 3413 fuisse
576 3354 871 3409 Tuscanica
894 3354 1096 3405 innuat.
1120 3350 1271 3405 Idem
1299 3368 1419 3423 pag.

412 3442 523 3509 892
536 3474 555 3505 ,
572 3448 765 3489 statuas
782 3450 975 3503 grecas
995 3431 1303 3485 Tuscanicis
1325 3448 1421 3483 an-

412 3516 639 3592 teponit.
658 3515 839 3567 Han.

496 3616 583 3651 ιο.
628 3594 903 3662 &gaon-en
936 3608 969 3641 a
1006 3591 1192 3641 mmm
1217 3590 1422 3641 maianis

410 3678 539 3731 odeo.
582 3669 928 3742 Minoi-omni,
972 3680 1033 3721 ut
1078 3666 1309 3719 diximus
1362 3667 1419 3721 ia

408 3770 683 3810 auctorum
716 3748 917 3803 Indice.
944 3748 1125 3801 Hann-

494 3852 583 3889 ιι.
612 3834 797 3902 Lignea
822 3832 983 3901 potitis
1006 3823 1286 3895 «inflatilia
1308 3823 1421 3877 deo·

405 3932 507 3969 m
540 3914 813 3966 simulacra.
856 3910 1154 3963 Priscorum
1182 3904 1419 3974 inopiam

1503 1709 1556 1750 et
1580 1697 1662 1750 sui
1693 1698 1946 1768 temporis
1971 1698 2158 1752 luxum
2189 1698 2317 1751 scite
2344 1698 2516 1750 Varro

1501 1774 1782 1840 describit,
1804 1776 1897 1829 lib.
1921 1776 1948 1827 1
1977 1776 2047 1829 de
2065 1778 2192 1830 Vita
2221 1794 2352 1847 pop.
2379 1795 2516 1831 rom.

1508 1854 1686 1905 «Hac
1714 1852 1838 1906 odis
1869 1872 1987 1923 quae
2014 1872 2160 1906 nunc
2189 1866 2266 1905 est
2287 1892 2300 1915 ,
2335 1855 2516 1907 multis

1499 1932 1654 1983 annis
1693 1944 1814 1999 post
1853 1930 1986 1983 sacta
2027 1932 2128 1983 fuit
2150 1952 2162 1981 :
2187 1931 2310 2001 quia
2335 1933 2514 1985 omnia

1499 2007 1654 2077 regiis
1701 2009 2030 2078 temporibus
2077 2006 2300 2063 delubra
2349 2028 2514 2080 parva

1500 2086 1635 2138 facta
1663 2098 1788 2137 sunt
1807 2124 1822 2151 ,
1848 2086 1982 2139 utin
2013 2098 2204 2139 cetero
2227 2088 2378 2140 cultu
2396 2106 2514 2158 qnoe

1499 2178 1622 2218 sunt
1660 2176 2035 2229 consentanea,
2069 2164 2214 2236 quod
2249 2166 2353 2219 sint
2377 2186 2513 2237 pau-

1499 2244 1706 2315 pertina
1739 2245 1854 2297 sine
1879 2244 2138 2315 elegantia
2169 2256 2324 2316 atque
2358 2245 2512 2298 casti-

1501 2322 1698 2375 monia.
1723 2321 1870 2388 Quid
1893 2324 2030 2377 inter
2049 2324 2145 2375 hos
2164 2324 2197 2376 J
2199 2342 2326 2377 oves
2349 2324 2513 2379 inter-

1500 2403 1600 2466 sit,
1617 2402 1712 2473 qui
1741 2420 1802 2455 ex
1826 2420 2122 2466 marmore,
2152 2402 2346 2467 ebore,
2375 2422 2510 2457 auro

1497 2499 1643 2534 nnnc
1667 2481 1832 2545 fiunt,
1861 2492 2010 2552 potes
2039 2482 2215 2535 animo
2243 2480 2514 2536 advertere

1500 2572 1554 2615 et
1593 2561 1790 2614 horum
1830 2572 2128 2631 temporum
2171 2560 2416 2627 divitias,
2461 2575 2514 2615 et

1499 2639 1717 2693 illorum
1749 2652 2094 2711 paupertates.
2127 2666 2149 2687 ι
2186 2638 2336 2693 Idem
2365 2638 2513 2710 quod

1501 2718 1729 2783 Plinius,
1756 2718 2032 2771 Pausanias
2057 2720 2112 2770 in
2141 2719 2518 2783 Corinthiacis,

1501 2816 1608 2868 qno
1661 2798 1780 2851 loeo
1820 2797 2004 2869 templi
2051 2798 2315 2868 Apollinis
2359 2799 2511 2869 Lycii

1503 2877 1763 2930 meminit.
1797 2878 1860 2930 In
1893 2876 2164 2930 Arcadicis
2191 2896 2402 2950 quoque
2427 2896 2514 2930 ea·

1499 2975 1622 3009 rum
1682 2957 1972 3027 imaginum
2027 2958 2296 3010 materiam
2355 2958 2540 3015 fuisse,

1501 3035 1664 3089 tradit
1675 3035 1927 3099 ebenum,
1940 3053 2263 3105 cypressum,
2275 3034 2514 3099 cedrum,
2567 3084 2577 3091 .

1504 3132 1786 3185 quercum,
1823 3115 2125 3176 smilacem,
2175 3114 2348 3167 lotum
2389 3132 2406 3167 ε
2458 3126 2513 3167 at

1505 3194 1734 3264 Cyllenii
1777 3191 2028 3243 Mercurii
2081 3190 2236 3245 fuisse
2283 3210 2314 3245 e
2358 3194 2511 3245 citro.

1503 3272 1640 3327 Dat..
1669 3301 1746 3312 -—
1771 3268 2072 3339 Autfictilia
2099 3268 2291 3323 deorum
2314 3271 2511 3321 simula-

1505 3370 1605 3404 cra.
1639 3352 1758 3420 Ipsa
1797 3348 1946 3401 Jovis
1975 3348 2176 3418 effigies
2211 3349 2268 3401 in
2295 3348 2510 3418 Capito·

1503 3430 1579 3483 lio
1608 3448 1637 3481 a
1657 3427 1952 3500 Tarquinio
1979 3427 2157 3481 Prisco
2181 3426 2350 3481 dicata
2373 3428 2511 3480 ficti·

1503 3510 1570 3563 lis
1613 3508 1745 3575 fuit,
1780 3508 1852 3561 ita
1881 3504 2141 3578 prodente
2171 3506 2371 3571 Plinio,
2411 3506 2508 3559 lib.

1503 3588 1736 3652 XXXV,
1760 3604 1876 3659 cap.
1900 3586 1989 3649 45.
2019 3588 2194 3639 Haan.

1591 3686 1615 3721 ι
1632 3688 1681 3721 2.
1727 3668 1885 3736 Quam
1935 3666 2170 3735 plasticen
2217 3664 2382 3719 Groeci
2421 3684 2511 3715 vo-

1506 3758 1646 3809 cant,
1693 3758 1794 3799 etc.
1835 3745 2130 3799 Fica-icem.
2173 3746 2274 3796 Ars
2323 3755 2400 3796 est
2447 3761 2510 3795 ex

1509 3824 1690 3895 argilla
1718 3824 1803 3878 vel
1832 3836 1978 3877 creta
2010 3837 2188 3877 rerum
2211 3820 2510 3877 similitudi-

1460 3911 1471 3917 ’
1510 3922 1604 3958 nes
1627 3904 1939 3974 exprimens.
1967 3902 2146 3957 Hm).
