2975 4684
348 975 413 1026 26

460 297 597 380 344

996 297 1075 362 C.
1130 295 1459 364 PLlNlI
1511 295 1722 362 NAT.
1775 295 2028 364 HIST.

452 449 655 546 opera
708 409 1010 494 effecta¹⁶
1025 475 1047 512 ,
1106 447 1387 554 parvum
1438 425 1660 496 nescio
1711 425 1876 518 quid
1927 426 2230 496 dixerat:
2273 443 2344 498 at
2367 427 2414 470 ¹⁷
2467 429 2584 500 ille

452 529 933 626 quinquagenis
970 516 1302 601 talentisfl'
1331 532 1679 626 poposcit:
1721 529 2098 625 famamque
2136 531 2474 627 dispersit,
2503 559 2578 606 se

452 662 710 723 emere,
753 651 831 706 ut
867 633 991 728 pro
1035 636 1195 709 suis
1213 635 1550 706 venderet.
1597 639 1694 704 Ea
1729 661 1834 706 res
1875 638 2235 706 concitavit
2273 639 2578 710 Rhodios

452 742 537 811 ad
566 739 1063 837 intelligendum
1090 741 1407 811 artificem
1450 766 1466 808 :
1508 765 1631 810 nec
1661 743 1788 811 nisi
1815 743 2209 836 augentibus
2249 747 2534 839 pretium
2555 799 2576 832 ,

450 851 663 918 cessit.

557 954 916 1052 Imaginem
954 951 1122 1022 adeo
1162 951 1606 1023 similitudinis
1641 952 2009 1024 indiscrete
2045 956 2297 1048 pinxit,
2325 971 2402 1024 ut
2427 947 2572 1048 (in-

450 1057 771 1131 credibile
788 1040 1027 1148 dictu)
1068 1059 1283 1154 Apion
1328 1059 1796 1154 grammaticus
1833 1060 2153 1154 scriptum
2201 1059 2574 1156 reliquerit,

445 1165 827 1309 quemdam9
837 1191 918 1236 ex
961 1164 1125 1234 facie
1164 1166 1515 1236 hominum
1559 1164 2054 1236 addivinantem
2097 1163 2310 1260 (quos
2351 1170 2568 1238 Meto-

418 1270 795 1376 poscopos¹
799 1265 1147 1360 ⁹vocant>
1172 1294 1251 1339 ex
1281 1273 1357 1340 iis
1389 1271 1632 1340 dixisse
1652 1286 1768 1339 aut
1798 1270 2037 1340 futurae
2072 1275 2304 1342 mortis
2329 1295 2568 1360 annos,

447 1395 560 1448 aut
588 1379 950 1472 praeteritae.
993 1377 1149 1446 Non
1186 1375 1402 1446 fuerat
1430 1379 1491 1446 ei
1533 1379 1740 1474 gratia
1767 1376 1835 1445 in
1871 1377 2189 1447 comitatu
2218 1377 2570 1448 Alexandri

374 1479 383 1486 ’
444 1507 599 1552 cum
637 1480 1058 1554 Ptolemaeo²⁰
1075 1507 1263 1578 ·quo
1308 1497 1660 1578 regnante,
1707 1481 2168 1552 Alexandriam
2197 1486 2265 1553 vi
2303 1500 2566 1580 tempe-

446 1590 630 1685 statis
658 1588 1002 1684 expulsm,
1026 1588 1388 1659 subornato
1411 1587 1644 1658 {raude
1667 1587 2058 1658 aemulorum
2095 1587 2358 1684 plano²¹
2387 1594 2570 1684 regio

445 1696 788 1782 invitatus,
850 1692 935 1762 ad
984 1695 1158 1788 regis
1175 1692 1223 1720 ²²
1269 1720 1526 1765 coenam
1568 1695 1751 1764 venit
1794 1721 1811 1762 ε
1867 1693 2364 1790 indignantique
2413 1699 2565 1766 Pto·

442 1791 708 1882 lemaeo‚
752 1814 819 1870 et
872 1814 1219 1868 vocatores
1268 1825 1423 1872 suos
1476 1799 1848 1872 ostendenti
1866 1853 1887 1886 ‚
1927 1816 2005 1870 ut
2051 1800 2298 1870 diceret
2343 1825 2384 1870 a
2430 1827 2566 1896 quo

442 1927 669 1974 eorum
709 1904 1022 1972 invitatus
1058 1919 1258 1991 esset,
1286 1920 1556 2002 arr‘epto
1591 1905 1883 1976 carbone
1923 1908 2218 1978 extincto
2243 1931 2280 1974 e
2312 1907 2569 1996 focale,

442 2008 797 2104 imaginem
834 2009 900 2090 in
938 2011 1191 2104 pariete
1225 1959 1611 2100 delineavit,
1647 2026 2044 2108 agnoscente
2085 2009 2341 2080 vultum
2380 2011 2564 2107 plani

336 2143 401 2196 ²7
440 2139 631 2210 rege,
660 2139 741 2184 ex
768 2115 1082 2186 inchoato
1113 2119 1437 2211 protinus.
1459 2119 1680 2188 Pinxit
1713 2133 1782 2188 et
1813 2101 2184 2212 Antigoni²³
2213 2119 2388 2215 regis
2409 2119 2564 2188 ima-

435 2332 687 2386 incurioai
702 2371 718 2398 ,
737 2331 1029 2404 longinqua
1044 2345 1304 2388 sectemur
1322 2353 1337 2388 ι
1359 2354 1455 2390 aen

436 2411 584 2484 quod
615 2412 855 2464 omnium
882 2431 1059 2464 rerum
1095 2413 1298 2485 cupido
1338 2416 1454 2468 lan·

432 2492 659 2562 gamit,
703 2509 870 2562 quum
910 2491 1078 2546 facilis
1102 2493 1307 2547 occasio
1333 2507 1411 2549 eat
1436 2513 1453 2548 ι

432 2587 527 2622 seu
554 2569 698 2641 quod
716 2569 1015 2624 differimus
1030 2612 1046 2638 ,
1072 2585 1343 2644 tamquam
1367 2593 1455 2630 εω-

322 2667 325 2672 ·
432 2666 503 2718 pe
516 2649 706 2712 visuri,
735 2649 879 2722 quod
907 2649 1069 2705 datur
1088 2647 1296 2719 videm,
1323 2671 1456 2726 quo·

430 2727 530 2781 ties
553 2729 654 2782 veli
642 2748 683 2781 ιι
702 2749 941 2796 cernere,
980 2745 1081 2786 etc.
1110 2691 1349 2788 -Hn’m

518 2811 606 2860 16.
640 2809 829 2880 Quanti
854 2811 1119 2864 liciter-etus·
1150 2833 1291 2882 opem
1330 2813 1453 2882 effi-

428 2897 526 2940 cta.
544 2883 664 2950 (Sic
692 2881 885 2960 priua.)
912 2891 1066 2945 Voss.
1096 2891 1295 2954 lc'5cooee
1323 2911 1447 2946 nam

428 2977 481 3019 et
507 2967 755 3021 venditor
776 2969 916 3020 licere
926 2969 1137 3025 dicitur.
1162 2973 1449 3028 Suetonius

427 3044 593 3116 Calig.
619 3065 827 3101 xxxnn
863 3067 877 3102 :
918 3049 1226 3104 «Monitum
1259 3069 1290 3104 a
1318 3051 1447 3105 Caio

422 3142 739 3254 preconem.
756 3145 823 3179 ne
832 3128 1140 3198 praetorium
1151 3129 1328 3184 virum
1342 3149 1451 3184 cre-

465 3222 525 3255 ro
547 3204 732 3275 capitis
760 3218 914 3259 motu
938 3219 1152 3262 nantem
1174 3211 1275 3264 sibi
1312 3229 1447 3282 pro-

424 3281 631 3345 tei-iret,
648 3301 751 3337 nec
770 3283 964 3338 licendi
988 3286 1148 3342 finem
1165 3291 1378 3342 factum.
1412 3314 1435 3336 ι

422 3361 697 3425 Martialis,
728 3363 935 3428 lib.V1,
954 3367 1097 3438 epig.
1115 3371 1215 3422 66:
1251 3395 1273 3415 ι
1296 3369 1443 3420 Ven-

386 3435 392 3438 ’
423 3438 581 3494 debat
596 3440 754 3494 modo
774 3461 948 3515 praeoo
963 3443 1252 3501 Gellianus.
1271 3447 1442 3501 Parvo

419 3539 584 3592 quum
598 3521 769 3592 pretio
793 3519 887 3574 diu
909 3523 1146 3576 liceret.-
1167 3525 1255 3578 Sic
1280 3527 1443 3579 etiam

419 3599 594 3656 codex
625 3601 874 3654 Pintiani.
896 3599 1078 3655 Guox.

507 3699 588 3749 17.
619 3682 697 3733 Ae
726 3681 825 3733 fue.
860 3676 1097 3754 Apellea.
1122 3681 1305 3736 Han.

505 3761 593 3813 18.
628 3760 991 3832 Quinquagem's
1025 3761 1233 3815 talentis.
1270 3761 1438 3815 Attica

420 3837 619 3891 talenta
652 3839 887 3912 intellige
919 3861 933 3892 ε

417 3914 577 3968 libras
610 3917 872 3990 233,437.
904 3920 1007 3974 En.

1626 2353 1720 2405 19.
1789 2335 2169 2406 Metoposcopos.
2223 2337 2565 2389 Meromm'-

1541 2433 1663 2476 πους
1677 2453 1693 2479 ,
1715 2415 1806 2486 qui
1829 2413 2110 2466 hominum
2138 2414 2408 2484 ingenium
2429 2413 2566 2488 diju-

1531 2491 1722 2547 ’dicant
1763 2513 1828 2548 ex
1876 2493 2053 2546 fronte
2079 2531 2096 2558 ,
2126 2491 2566 2566 lineamentisque

1542 2570 1810 2643 corporis,
1852 2584 2010 2644 atque
2033 2569 2159 2627 inde
2187 2573 2359 2626 futura
2402 2591 2566 2644 augu-

1542 2664 1748 2712 rantur.
1777 2651 1920 2706 Usus
1958 2653 2117 2707 etiam
2145 2669 2205 2704 ea
2236 2670 2376 2705 voce
2393 2651 2562 2704 Tran-

1541 2731 1755 2804 quillus.
1777 2731 1964 2784 Halm.

1625 2829 1714 2864 ao.
1747 2809 1869 2863 Cum
1901 2809 2182 2862 Peotemoeo.
2208 2809 2338 2882 Lagi
2375 2807 2434 2863 F.
2467 2809 2560 2882 qui

1538 2887 1747 2960 primus
1804 2901 1926 2959 post
1986 2887 2280 2942 Alexandri
2353 2889 2556 2942 obitum

1537 2971 1828 3041 AEgyptum
1848 2969 2040 3022 tenuit.
2058 2967 2240 3024 nnn.

1621 3065 1711 3102 ιι.
1739 3047 1917 3100 Plano.
1932 3047 2054 3100 Vox
2076 3047 2189 3102 hmo
2212 3048 2554 3119 impostorem

1536 3139 1764 3179 astutum
1793 3125 2079 3196 significat,
2110 3127 2203 3198 qui
2236 3138 2403 3180 artem
2434 3145 2554 3198 pro-

1535 3205 1719 3259 fitetur
1755 3203 2066 3276 imponendi
2091 3205 2250 3258 etiam
2285 3205 2558 3280 spectanti-

1531 3285 1651 3338 bus.
1697 3309 1720 3334 ι
1748 3284 1849 3340 Hic
1889 3283 1978 3338 ille
2012 3285 2201 3356 planus
2233 3283 2555 3356 improbissi-

1533 3381 1667 3430 mus,
1689 3363 1902 3436 -inquit
1929 3363 2122 3418 Cicero
2149 3381 2248 3435 pro
2275 3363 2560 3428 Cluentio,

1526 3458 1586 3496 ιι.
1609 3461 1702 3513 72.
1727 3443 1914 3500 Haun.

1616 3541 1708 3576 aa.
1735 3521 1901 3590 Regis.
1928 3521 2082 3574 Hanc
2109 3539 2291 3576 vocem
2317 3523 2461 3575 Brot.
2490 3539 2555 3574 ex

1528 3599 1681 3655 MSS.
1711 3603 1876 3674 Regg.
1925 3613 1979 3654 et
2015 3599 2140 3654 edit.
2187 3601 2361 3673 princ.
2401 3600 2558 3654 omit-

1527 3679 1613 3733 tit.
1640 3681 1742 3734 En.

1613 3761 1707 3815 ²3.
1737 3760 1910 3812 Pinxit
1936 3772 1987 3812 et
2018 3759 2262 3830 Antigoni
2287 3761 2415 3828 regis
2435 3761 2558 3809 ima-

969 3842 1169 3913 gallicae
1212 3853 1439 3896 moneto
1523 3843 1702 3910 ginem.
1749 3839 1975 3904 Quintil.
2000 3839 2087 3904 11,
2111 3839 2178 3891 13
2200 3877 2216 3904 ,
2257 3856 2376 3909 pag.
2408 3835 2553 3900 145:

1533 3945 1556 3966 ι
1592 3917 1764 3973 Habet
1811 3919 1866 3972 in
1916 3921 2122 3990 pictura
2165 3918 2397 3988 speciem
2445 3927 2560 3972 tota
