2975 4684
1075 407 1381 474 LIBER
1431 403 1807 472 XXXIII.

378 565 638 611 rursum
703 563 857 609 cum
917 537 1174 607 duabus
1237 537 1386 606 salis
1439 537 1893 633 portionibus,
1942 549 2008 604 et
2061 558 2193 605 una
2232 536 2502 632 lapidis,

305 725 314 736 ο
369 673 570 742 quem
605 645 896 716 schiston
933 659 1214 713 vocant:
1241 645 1330 712 ita
1361 646 1547 712 virus
1577 641 1779 711 tradit
1807 640 2003 712 rebus
2030 666 2165 711 una
2193 648 2503 716 crematis

2412 429 2505 503 79

377 755 442 821 in
491 751 675 822 fictili
717 775 913 873 vase,
976 752 1189 844 ipsum
1241 774 1487 843 purum
1538 762 1606 818 et
1650 751 2125 842 incorruptum.
2180 748 2499 845 Reliquus
2538 778 2566 813 a

375 861 540 928 cinis
567 871 864 928 servatus
896 858 966 925 in
996 854 1211 942 fictili,
1244 870 1309 926 et
1339 879 1421 923 ex
1452 878 1620 949 aqua
1651 852 1886 941 illitus,
1922 853 2261 926 lichenas
2243 880 2309 925 m
2332 855 2501 928 facie

369 979 577 1033 sanat.
610 949 970 1034 Lomento⁴
987 987 1138 1031 eum
1165 962 1475 1030 convenit
1498 960 1697 1030 ablui.
1722 945 2024 1030 Fistulas⁵
2051 962 2247 1030 etiam
2280 978 2497 1050 sanat,

367 1085 440 1138 et
478 1093 624 1163 quae
679 1082 1005 1139 vocantur
1051 1067 1590 1139 haemoirhoides.
1645 1065 1848 1155 Quod
1906 1067 1959 1135 si
2002 1068 2197 1137 tritus
2246 1093 2493 1164 pumex

371 1174 721 1268 adjiciatur
741 1228 760 1262 ,
816 1176 1037 1269 putria
1074 1173 1348 1244 hulcera
1396 1187 1464 1242 et
1522 1173 1675 1241 tetri
1733 1170 1955 1241 odoris
2009 1173 2333 1243 emendat.
2385 1177 2490 1244 Ex

369 1280 562 1352 melle
582 1305 742 1351 vero
769 1281 1118 1352 decoctum
1148 1305 1302 1351 cum
1337 1277 1703 1348 melanthio
1728 1329 1748 1364 ,
1785 1290 1852 1346 et
1885 1275 2115 1346 illitum
2146 1278 2493 1369 umbilico,

367 1385 601 1456 leniter·
667 1385 864 1457 solvit
911 1385 1156 1455 alvum.
1219 1389 1402 1453 Auro
1456 1406 1771 1452 verrucas
1848 1384 2067 1451 curari
2127 1385 2223 1452 M.
2274 1387 2495 1456 Varro

368 1507 605 1563 auctor
652 1508 771 1562 est.

473 1601 728 1668 XXVI.
789 1583 938 1687 (v.)
997 1591 1432 1712 Chrysocolla
1477 1593 1721 1662 humor
1760 1606 1860 1662 est
1914 1593 1981 1662 in
2022 1593 2271 1688 puteis,
2328 1619 2495 1716 quos

363 1700 692 1773 diximus¹
699 1755 718 1788 ,
739 1726 859 1796 per
893 1724 1130 1768 venam
1167 1723 1312 1768 auri
1297 1699 1657 1785 defluens,
1692 1700 2176 1769 crassescente⁸
2210 1699 2368 1770 limo
2404 1705 2497 1771 ri·

364 1833 496 1904 goi
495 1808 642 1878 ibus
680 1807 974 1876 hibernis
1029 1831 1242 1900 usque
1289 1807 1354 1873 in
1412 1804 1723 1874 duritiam
1776 1807 2082 1900 pumicis.
2134 1807 2491 1878 Laudatio-

363 1941 506 1984 rem
517 1899 922 1984 ³'eamdem
903 1937 968 1980 m
1007 1913 1250 1982 aerariis
1291 1910 1602 1998 metallis,
1652 1926 1723 1980 et
1751 1911 2123 2006 proximam
2146 1915 2219 1982 in
2244 1937 2489 2010 argen-

363 2143 542 2214 inepte
567 2141 683 2215 typi
703 2141 778 2196 sic
803 2139 1121 2194 exhibebant
1148 2160 1161 2190 :
1199 2164 1222 2186 ι
1249 2139 1382 2192 Tor-

363 2234 512 2275 retur
540 2235 596 2275 et
624 2240 744 2275 cnm
771 2221 893 2274 salis
915 2237 1108 2290 grnmo
1141 2215 1381 2289 pondere

363 2301 556 2372 triplici
577 2301 754 2366 misso,
771 2311 871 2354 etc.
886 2327 908 2348 .-
933 2301 1002 2352 Et
1016 2317 1139 2351 mox
1152 2336 1168 2363 ,
1189 2295 1382 2363 «Quod

363 2380 410 2434 si
455 2381 581 2434 trito
625 2398 812 2452 spuma
847 2377 1140 2451 adjiciatur.
1166 2401 1189 2423 n
1229 2375 1384 2429 Dale-

362 2461 598 2532 campins
625 2459 969 2530 conjiciebat,
999 2480 1021 2502 ·
1046 2453 1208 2523 Quod
1234 2455 1277 2508 si
1304 2455 1383 2508 ni-

361 2539 431 2592 tri
472 2555 673 2610 spuma.
709 2564 732 2586 n
773 2539 848 2591 At
885 2536 1152 2608 pumicem
1195 2533 1379 2588 tritum

362 2635 457 2671 sen
487 2619 708 2672 farinam
727 2617 1067 2688 pumicisper
1093 2633 1147 2668 se
1169 2614 1381 2686 explere

361 2697 577 2750 hulcera
599 2711 653 2750 et
677 2695 742 2748 ad
773 2697 1066 2750 cicatricem
1087 2692 1380 2767 perducere

364 2775 607 2829 Dioscor.
631 2787 816 2828 auctor
843 2774 1026 2839 est,V,
1047 2774 1155 2827 125
1180 2794 1192 2824 ε
1228 2775 1380 2826 Δύνα-

363 2875 446 2924 μιν
488 2855 644 2923 (χιι...
683 2855 832 2906 θοι-ὣν
869 2873 926 2905 τι
957 2851 1261 2923 stancona-hv
1295 2852 1378 2905 καὶ

363 2933 746 2990 ursulus-uduo.
771 2929 950 2983 Hun-

444 3019 500 3076 4.
529 3015 775 3066 Lomento.
805 3009 995 3064 Farina
1023 3009 1248 3064 fabacea.
1277 3010 1347 3062 H.

445 3093 498 3146 5.
536 3091 788 3155 Fiseutas,
843 3103 944 3144 etc.
986 3088 1120 3142 Auri
1158 3089 1284 3142 ustis
1323 3089 1377 3142 in

362 3170 627 3226 medicina
646 3170 916 3224 veteribus
944 3167 1145 3224 Grecis
1174 3168 1275 3222 fuit
1294 3168 1379 3220 in-

361 3251 620 3323 cognitus.
643 3251 841 3304 Arabes
859 3249 1127 3322 procipne
1146 3251 1258 3321 ejus
1276 3247 1381 3300 vir-

361 3342 496 3384 tutes
509 3329 966 3394 commendavere,
994 3327 1178 3383 multis
1203 3341 1379 3382 tamen

359 3407 813 3474 dissentientibus,
845 3421 898 3462 et
935 3427 1000 3462 eo
1031 3409 1200 3479 magis
1231 3403 1379 3480 qnod

359 3490 576 3544 effectus
610 3488 878 3560 promissis
935 3507 1046 3542 non
1089 3485 1381 3558 responde-

359 3583 494 3624 rent.
516 3567 678 3622 Unde
703 3587 817 3621 non
839 3565 952 3620 sine
973 3567 1178 3620 ratione
1198 3567 1252 3618 in
1275 3564 1376 3618 dn·

359 3647 511 3702 bium
536 3647 688 3702 venit
714 3665 782 3700 an
811 3663 1000 3699 aurum
1033 3663 1284 3717 umquam
1319 3645 1375 3698 in

361 3727 596 3782 medicos
644 3745 770 3780 usus
821 3727 944 3798 jure
999 3725 1136 3779 trahi
1191 3723 1372 3802 possit.

362 3807 515 3861 Conf.
547 3805 754 3862 Geoss'r.
790 3805 922 3859 Mat.
959 3801 1100 3858 med.
1142 3813 1270 3857 tom.
1316 3805 1374 3868 1,

364 3903 478 3954 pag.
513 3887 576 3940 31
590 3887 622 3939 ⁵
655 3905 738 3958 sq.
767 3885 871 3938 En.

438 3963 641 4020 xxvl.
670 3984 692 4020 1
706 4006 719 4019 .
739 3967 874 4036 Quos
887 3965 1109 4018 dusinus.
1131 3963 1262 4035 Cap.
1282 3983 1310 4016 a
1325 3979 1372 4016 t.

361 4039 544 4096 Hsan.
564 4045 770 4106 —-‚Per
793 4063 964 4098 venam
992 4045 1104 4097 auri
1133 4043 1373 4114 defluens,

1465 2137 1945 2210 etc.Ch1-ysocolla
1987 2138 2077 2192 illa
2116 2138 2309 2206 Plinii,
2347 2153 2410 2194 ut
2438 2155 2491 2197 et

1465 2219 1783 2288 priscorum,
1804 2218 2032 2271 multum
2054 2215 2238 2273 differt
2258 2238 2287 2273 a
2310 2231 2492 2276 nostra

1463 2297 1826 2368 chrysocolla,
1852 2299 1897 2348 le
1916 2297 2068 2350 horas,
2095 2293 2261 2360 (soude
2280 2299 2490 2368 bor-atde,

1461 2377 1753 2428 sous-borota
1778 2375 1839 2427 de
1866 2366 2053 2446 wude).
2095 2377 2335 2432 Pliniana
2368 2397 2488 2451 spe-

1463 2455 1569 2509 cies
1598 2469 1675 2509 est
1700 2455 1876 2526 spatbi
1901 2454 2110 2521 viridis,
2132 2457 2178 2509 le
2196 2457 2339 2530 sparh
2358 2471 2487 2528 vere,

1466 2547 1573 2587 vere
1596 2535 1657 2587 de
1676 2547 1932 2604 mentagrae
1960 2535 2166 2594 (Cm‘m
2190 2537 2453 2591 carbona&
2464 2581 2483 2606 ,

1464 2613 1946 2686 Iisdem-carbonata
1973 2615 2033 2667 de
2057 2619 2218 2670 cuim-e
2234 2659 2251 2682 ,
2295 2631 2406 2670 vere
2436 2631 2487 2672 et

1463 2693 1621 2760 blau),
1648 2692 1794 2765 quod
1820 2693 1879 2745 in
1906 2695 2022 2748 auri
2038 2734 2054 2761 ,
2077 2695 2194 2750 cria
2224 2698 2487 2770 principue

1462 2773 1797 2845 aliorumque
1819 2773 1975 2827 etiam
1994 2777 2327 2830 metallorum
2347 2775 2488 2830 fodi-

1467 2853 1553 2907 nis
1574 2853 1861 2924 reperitur.
1888 2853 1994 2906 En.

1548 2954 1597 2987 2.
1657 2931 1941 2986 Crasse-scen
1950 2945 1993 2985 te
2045 2933 2159 2986 limo
2206 2934 2446 3005 rigoribus
2465 2973 2483 3002 ,

1461 3023 1563 3065 etc.
1600 3010 1804 3066 Coacto
1846 3011 2074 3066 humore
2114 3031 2179 3066 eo
2220 3015 2273 3066 vi
2322 3013 2485 3086 frigo·

1461 3090 1569 3156 ris,
1599 3103 1652 3144 et
1690 3091 1747 3143 in
1788 3091 2017 3162 pumicis
2054 3090 2303 3146 duritiam
2342 3095 2485 3168 rige-

1461 3183 1657 3224 scente.
1685 3169 1865 3223 Ham».

1545 3249 1576 3302 3
1588 3245 1620 3300 .’
1630 3249 1999 3305 Laudatiorem:
2013 3251 2188 3305 Habet
2202 3251 2318 3306 hnc
2338 3254 2478 3326 pari-

1467 3339 1549 3381 ter
1574 3327 1761 3383 Isidor.
1797 3329 1980 3402 Origg.
2010 3329 2175 3397 nx,
2208 3350 2299 3404 17.
2334 3332 2481 3399 Quid

1461 3407 1611 3479 qnod
1636 3409 1966 3478 chrysocolla
1983 3409 2046 3463 fit
2077 3424 2130 3465 et
2158 3430 2221 3465 ex
2243 3431 2347 3466 are
2375 3427 2483 3466 tan-

1462 3500 1575 3540 tum
1598 3493 1622 3540 ?
1649 3488 1830 3555 Quare
1860 3489 1903 3542 si
1940 3488 1995 3542 in
2024 3491 2243 3546 metallis
2262 3491 2483 3545 aurariis

1463 3568 1837 3638 argentariisve
1857 3570 2049 3635 oritur,
2063 3589 2221 3625 venas
2244 3587 2329 3624 eas
2358 3587 2480 3624 cnm

1457 3645 1652 3702 latente
1687 3667 1789 3703 are
1820 3649 2107 3720 permixtas
2132 3669 2241 3704 ease
2271 3666 2481 3702 necesse

1460 3737 1558 3780 est.
1584 3728 1809 3782 Aut-aria
1848 3746 2013 3799 porro
2052 3729 2287 3784 metalla,
2317 3739 2372 3779 et
2397 3745 2483 3780 au-

1461 3809 1605 3859 rariae
1634 3809 2004 3880 appellantur:
2040 3805 2185 3861 unde
2218 3817 2369 3859 vetus
2406 3805 2483 3859 in-

1463 3887 1681 3958 scriptio
1702 3886 1845 3958 apud
1868 3885 2025 3942 Grnt.
2044 3906 2097 3958 p.
2124 3885 2157 3944 4
2186 3905 2198 3935 =
2223 3902 2479 3942 svaraoc.

1461 3983 1738 4020 avuman
1746 4005 1757 4018 .
1769 3965 2149 4038 subpmeuraeor
2159 3968 2479 4020 aurat-iarum,

1459 4043 1529 4098 Et
1549 4063 1605 4115 p.
1638 4045 1749 4114 594
1787 4065 1799 4095 ε
1829 4061 1987 4100 rnoc.
2011 4062 2385 4100 avaunavx.
2410 4045 2478 4100 Η.
