2975 4684
354 1776 417 1828 23

476 456 604 535 186

990 465 1069 533 C.
1121 462 1460 535 PLINII
1513 466 1727 535 NAT.
1781 466 2041 534 HIST.

462 596 907 678 insidiantem,
928 618 1126 688 quem
1150 598 1616 666 sauroctonon
1633 612 1891 665 vocant.
1921 598 2316 691 Spectantur
2343 615 2410 667 et
2437 602 2572 669 duo

470 706 655 797 signa
688 702 827 794 ejus
858 699 1153 771 diversos
1186 701 1465 772 affectus
1503 704 1967 796 exprimentia,
1997 702 2210 771 flentis
2231 719 2573 791 matronae,

460 823 529 877 et
562 808 921 877 meretricis
978 806 1337 901 gaudentis.
1396 812 1581 877 Hanc
1623 823 1862 903 putant
1900 795 2298 901 Phrynen'⁰ss

2335 810 2529 879 fuisse
2553 864 2572 896 ,

460 910 1095 1007 deprehenduntque
1134 916 1203 981 in
1234 936 1313 981 ea
1338 938 1636 983 amorem
1671 913 1970 998 artificiS,
2011 929 2078 982 et
2105 915 2522 984 mercedem
2507 942 2574 983 m

459 1018 650 1087 vultu
692 1018 1076 1087 meretricis.

566 1124 783 1193 Habet
810 1136 879 1191 et
912 1122 1333 1193 simulacrum
1360 1124 1730 1219 benignitas
1757 1125 1897 1217 ejus
1915 1123 1957 1194 ¹.

2015 1123 2371 1195 Calamidis
2397 1129 2568 1194 enim

454 1229 788 1324 quadrigae
824 1230 1120 1323 aurigam
1158 1254 1347 1298 suum
1384 1232 1729 1324 imposuit,
1777 1255 1860 1298 ne
1899 1228 2129 1299 melior
2157 1232 2224 1297 in
2251 1255 2570 1323 equorum

455 1334 676 1431 effigie
720 1334 1033 1404 defecisse
1074 1337 1139 1402 in
1178 1334 1447 1403 homine
1488 1334 1885 1404 crederetur.
1939 1342 2085 1431 Ipse
2137 1334 2455 1405 Calamis'
2504 1352 2570 1403 ct

454 1438 613 1511 alias
654 1440 1004 1559 quadrigas
1048 1440 1361 1534 bigasque
1396 1440 1586 1527 fecit,
1631 1444 1812 1535 equis
1859 1466 2118 1535 semper
2159 1443 2297 1510 sine
2333 1440 2570 1509 aemulo

455 1549 807 1676 expressis.
855 1547 985 1615 Sed
1030 1572 1113 1614 ne
1166 1546 1524 1615 videatur
1507 1574 1573 1615 m
1613 1546 1956 1617 hominum
2001 1548 2218 1642 effigie
2262 1546 2569 1634 inferior,

454 1638 807 1722 Alcmena³
839 1650 1079 1719 nullius
1108 1668 1209 1721 est
1238 1652 1538 1721 nobilior.

558 1744 977 1826 Alcamenes⁴
1023 1756 1268 1825 Phidiae
1334 1756 1697 1850 discipulus
1740 1772 1808 1825 et
1865 1782 2232 1827 marmorea
2284 1758 2465 1843 fecit,
2502 1773 2569 1825 et

454 1884 696 1929 aereum
754 1858 1178 1953 pentathlon‚
1226 1862 1338 1952 qui
1378 1875 1652 1929 vocatur
1699 1864 2226 1930 Encrinomenos
2241 1850 2285 1929 ⁵.
2329 1866 2415 1929 At
2451 1866 2570 1931 Po-

446 2038 775 2091 certaeParce
790 2056 802 2086 :
818 2038 967 2106 cupit
983 2034 1162 2106 digitis
1178 2036 1267 2089 illa
1286 2036 1462 2107 perire

447 2116 569 2169 tuis.
608 2140 631 2162 ι
678 2114 844 2185 cupit
890 2132 951 2167 ea
994 2115 1246 2167 nimirum
1292 2115 1461 2167 nobili

447 2196 557 2249 fato
602 2195 779 2267 perire
806 2230 823 2256 ,
866 2212 994 2246 nece
1047 2212 1079 2246 a
1130 2206 1237 2246 tam
1292 2195 1458 2247 nobili

446 2292 615 2346 puero
627 2314 643 2338 ,
684 2273 788 2327 deo
819 2272 1035 2344 ntique,
1074 2272 1231 2325 illata.
1274 2273 1457 2327 Simile

446 2354 695 2409 conflasse
714 2356 920 2423 signum
948 2352 1266 2423 Pythagoras
1288 2352 1459 2405 Leon.

446 2434 585 2488 tinus
641 2432 837 2485 dicitur
898 2431 1001 2484 hoc
1063 2429 1179 2501 ipso
1240 2432 1415 2501 capite
1438 2466 1456 2494 ,

444 2512 747 2583 Apollinem
787 2509 1015 2573 scilicet,
1056 2522 1461 2581 serpentemque

442 2590 638 2661 sagittis
664 2590 806 2645 illius
828 2590 1147 2643 confectum.
1178 2590 1359 2643 Hann.

528 2672 656 2723 106.
693 2669 938 2739 Phrynen.
984 2670 1256 2722 Praxitelis
1294 2669 1461 2740 ipsius

444 2750 716 2812 amasiam,
736 2750 883 2819 cujus
908 2748 963 2801 in
986 2749 1208 2819 gratiam
1230 2762 1284 2802 et
1310 2750 1461 2800 Amo-

444 2829 517 2881 ris
552 2828 891 2881 simulacrum
928 2828 1017 2880 ille
1059 2828 1240 2891 fiuxit,
1274 2826 1460 2880 inscri-

443 2908 661 2979 psitque
698 2906 807 2961 basi
847 2908 1199 2977 epigramma,
1236 2926 1265 2960 a
1292 2906 1463 2959 Simo·

442 2986 571 3040 uide
600 2984 977 3041 concinnatum
1008 2986 1065 3038 in
1099 2986 1321 3039 Anthol.
1352 2985 1457 3047 IV,

450 3084 541 3129 υ,
582 3079 635 3119 et
668 3064 813 3135 apud
842 3064 1040 3117 Athen.
1076 3064 1373 3133 Πραξιτέλης
1408 3066 1459 3117 ὃν

443 3148 633 3213 ἔπασχε
676 3140 997 3213 διηκρῖἕωσιν
1030 3146 1189 3214 ἔρωτα.
1230 3134 1296 3207 ἐξ
1333 3140 1463 3205 ἰδίης

443 3228 591 3277 ἕλκων
620 3226 891 3291 ἀρχέτυπον
922 3219 1146 3293 κραδίης.
1188 3226 1344 3294 Φρύνῃ
1384 3246 1465 3291 μι-

442 3307 551 3358 σθὸν
572 3306 705 3371 tuoto
736 3298 905 3363 διδοὺς
932 3305 1037 3373 igal.
1054 3304 1236 3373 Φὶλτρα.
1262 3298 1320 3355 δὲ
1344 3303 1465 3368 βάλ-

441 3391 511 3437 λω
524 3386 629 3437 Οὐκ
641 3385 715 3435 ἔτι
737 3380 967 3443 τοξιύων,
984 3383 1091 3434 ἀλλ’
1111 3384 1463 3453 ἀτενιζόμινος.

442 3464 661 3518 Grotius
682 3462 759 3515 sic
782 3458 1019 3513 reddidit
1042 3478 1055 3513 ε
1076 3473 1105 3505 ⁴·
1124 3462 1300 3525 Quam
1324 3462 1460 3513 bene

444 3542 728 3598 Praxiteles
744 3539 901 3593 tinxit
914 3578 930 3604 ,
951 3557 1111 3610 quem
1130 3540 1289 3591 sensit
1303 3542 1463 3591 Amo-

442 3642 593 3677 rem:
628 3624 707 3675 De
744 3617 905 3673 eorde
934 3618 1203 3686 exemplar
1226 3636 1462 3711 sumpse-

444 3716 526 3757 rat
560 3702 651 3755 ille
688 3718 827 3753 suo.
856 3700 1051 3767 Meque
1090 3696 1191 3748 mei
1230 3696 1458 3765 pretium

443 3784 663 3853 Phryne
710 3778 860 3833 dedit
906 3797 920 3831 :
966 3774 1091 3829 inde
1134 3776 1327 3845 sagittis
1374 3774 1463 3827 Nil

445 3879 579 3931 opus
606 3874 725 3914 est.
760 3856 942 3911 sidear
977 3856 1021 3909 si
1054 3852 1247 3917 modo,
1276 3866 1355 3907 sat
1389 3855 1459 3906 fe-

446 3938 545 3991 rio.
578 3942 814 3992 Milan)

530 4031 553 4065 1
566 4054 579 4067 .
606 4017 771 4067 Habet
806 4032 854 4069 et
898 4016 1201 4069 simtdaermn
1242 4014 1459 4082 Ιοεηὶςιιί

448 4104 521 4143 eus
538 4096 655 4157 eius.
686 4095 831 4149 Fecit
852 4108 903 4147 et
924 4096 1208 4149 Praxiteles
1232 4094 1459 4164 effigiem

1549 2038 1915 2107 alteram,qua
1949 2038 2188 2105 benignae
2225 2056 2331 2089 ωε
2373 2036 2572 2088 indolis

1546 2115 1694 2169 dedit
1713 2129 2101 2185 argumentum.
2128 2116 2261 2167 Nam
2281 2114 2568 2169 Calamidis

1546 2192 1816 2267 quadrigae
1845 2195 2081 2265 aurigam
2129 2213 2218 2247 sua
2257 2213 2418 2247 mann
2463 2195 2572 2247 ela-

1547 2275 1792 2327 boratum
1817 2274 2100 2344 imposuit,
2126 2286 2229 2326 etc.
2262 2274 2447 2327 Haut).

1630 2372 1682 2406 s.
1717 2355 1824 2423 lpse
1853 2353 2086 2407 Calamis.
2126 2352 2207 2405 De
2255 2352 2561 2417 Calamide,

1548 2432 1739 2486 Cicero
1775 2432 1829 2484 in
1865 2433 2051 2499 Bruto,
2079 2452 2133 2503 p.
2171 2432 2318 2496 5353
2346 2434 2566 2485 Pausan.

1547 2510 1711 2565 Eliac.
1739 2524 1877 2581 post.
1909 2512 2010 2575 vl,
2033 2532 2090 2582 p.
2123 2510 2254 2564 365.
2279 2513 2439 2582 Prop.
2465 2513 2569 2577 111,

1546 2590 1628 2642 El.
1659 2592 1691 2643 8
1728 2608 1743 2644 ε
1783 2616 1805 2637 ι
1842 2592 2046 2643 Exactis
2077 2590 2302 2643 Calamis
2342 2608 2396 2643 se
2435 2590 2568 2641 mihi

1543 2670 1706 2739 jactat
1733 2670 1898 2740 equis.
1929 2694 1950 2716 n
1980 2668 2139 2722 ovid.
2157 2668 2225 2721 de
2248 2670 2439 2731 Ponto,
2468 2668 2566 2731 lv,

1548 2747 1614 2800 el.
1641 2766 1690 2811 1,
1711 2766 1762 2800 v.
1790 2748 1860 2799 33
1885 2766 1899 2800 τ
1933 2773 1956 2795 ι
1980 2747 2234 2801 Vindicat
2257 2762 2316 2801 ut
2339 2747 2568 2802 Calamis

1549 2825 1730 2879 laudes
1759 2846 1891 2897 quos
1919 2827 2042 2881 fecit
2062 2846 2341 2894 equorum.
2379 2852 2401 2871 ·
2439 2826 2508 2878 H.

1634 2906 1685 2960 3.
1709 2908 1960 2960 Alcmena.
1989 2906 2230 2959 Herculis
2251 2917 2433 2957 mater.
2454 2905 2520 2956 H.

1633 2992 1684 3048 4.
1743 2988 2044 3039 Alcamenes.
2090 2987 2355 3038 Hactenus
2389 2983 2454 3037 de
2487 3002 2570 3036 ce-

1549 3064 1871 3119 lebrioribus
1893 3065 2153 3119 statuariis
2171 3064 2348 3115 habita
2367 3064 2564 3115 oratio:

1550 3146 1728 3197 caten-i
1763 3144 1952 3198 deince
1991 3164 2014 3197 s
2042 3163 2106 3196 ex
2134 3142 2404 3213 alphabeti
2433 3142 2566 3195 serie

1551 3222 1872 3294 appellandi.
2047 3225 2226 3293 αμίνης
2299 3221 2568 3274 Pausaniae

1550 3304 1738 3355 crebro
1765 3316 2112 3367 memoratus,
2133 3320 2242 3353 non
2268 3302 2380 3353 sine
2409 3318 2566 3370 pecu-

1551 3380 1670 3432 liari
1693 3398 1916 3451 operum
1945 3383 2056 3450 ejus
2081 3378 2568 3441 commendatione,

1550 3459 1606 3511 in
1643 3459 1860 3523 Atticis,
1893 3458 2193 3524 Arcadieis,
2239 3472 2340 3511 etc.
2383 3460 2464 3510 De
2503 3475 2568 3509 eo

1548 3554 1760 3592 rursum
1804 3538 2025 3592 inferius
2078 3538 2568 3603 xxxv1,4‚et

1548 3619 1652 3686 jam
1675 3638 1832 3690 supra
1849 3618 2096 3671 diximus.
2125 3616 2309 3669 Hann-

1634 3686 2568 3765 5.Εησνίηοωεηοε.1’ζγκρινόμινος,

1549 3776 1643 3845 qui
1671 3776 1879 3830 athletis
1902 3788 2300 3838 annumeratur,
2329 3784 2380 3825 et
2401 3772 2454 3823 in
2477 3790 2568 3825 eo·

1548 3873 1668 3907 rum
1715 3874 1994 3909 numerum
2039 3854 2309 3922 recipitur,
2347 3852 2568 3922 ἐγιριτῆς

1550 3936 1768 3990 ἀθλητῶν
1786 3972 1802 3997 ,
1855 3934 2071 3987 athletas
2119 3932 2209 4001 qui
2263 3933 2456 4001 probat
2507 3942 2569 3983 ut

1549 4013 1876 4081 recipiantur
1893 4025 1946 4065 et
1966 4024 2354 4064 accenseantur.
2376 4008 2570 4063 Cicero

1549 4092 1642 4144 lib.
1673 4093 1696 4142 1
1723 4091 1792 4143 de
1827 4092 1983 4144 offic.
2034 4116 2056 4137 ιι
2082 4090 2242 4158 Atqui
2275 4090 2380 4142 lxoc
2427 4086 2571 4140 idem
