2975 4684
1090 354 1399 422 LIBER
1446 353 1800 424 XXXIV.

2369 361 2490 434 161

380 487 783 558 videbatur:
820 485 1067 582 capite¹
1076 485 1524 556 ‘tutelarios'
1536 486 1554 510 ⁸
1607 509 1842 557 cavere
1879 513 2005 584 pro
2049 514 2161 576 ea,
2221 493 2504 564 instituti

376 593 661 690 publici
662 593 807 662 fuit.

478 697 1119 770 XV111.Audaciae·
1100 723 1449 768 innumera
1478 716 1634 769 sunt
1661 699 1983 795 exempla.
2013 686 2229 773 Moles
2254 707 2502 801 quippe
2544 729 2568 763 ¹

374 807 779 901 excogitatas
815 804 1116 874 videmus
1166 820 1565 890 statuarum,
1608 831 1770 902 quas
1818 805 2178 878 colosseas¹
2222 828 2498 901 vocant,

372 911 669 981 turribus
728 935 939 1006 pares.
1004 909 1181 980 Talis
1242 927 1341 982 est
1406 914 1474 980 in
1520 914 1616 982 Ca
1667 912 1848 982 itolio
1904 913 2180 1008 Apollo²
2197 969 2217 1004 ‚
2278 933 2502 988 trans-

372 1017 545 1088 latus
591 1042 630 1086 a
667 1019 764 1086 M.
804 1015 1087 1086 Lucullo
1136 1043 1217 1086 ex
1258 1017 1610 1111 Apollonia
1661 1021 1883 1088 Ponti
1931 1020 2132 1106 urbe,
2184 1047 2327 1092 xxx
2385 1051 2498 1094 cu-

370 1124 694 1207 bitot-um,
721 1123 1097 1217 quingentis
1116 1110 1430 1193 ⁴talentis
1464 1124 1724 1193 factus.
1761 1124 1954 1193 talis
1937 1149 2006 1192 m
2043 1149 2280 1246 campo
2316 1133 2498 1201 Mar-

372 1215 502 1300 tio⁵
538 1231 825 1324 Jupiter,
870 1253 911 1296 a
964 1231 1050 1298 D.
1108 1228 1391 1299 Claudio
1451 1235 1711 1299 Caesare
1778 1230 2064 1310 dicatuS,
2121 1235 2234 1324 qui
2295 1259 2500 1307 voca-

370 1350 484 1406 tur
546 1319 1023 1430 Pompeianus⁸
1061 1359 1101 1402 a
1146 1336 1483 1404 vicinitate
1537 1335 1778 1404 theatri
1826 1361 1841 1402 ε

458 1553 543 1589 10.
580 1535 770 1605 Capite.
799 1533 880 1585 Ut
916 1531 1003 1584 vel
1035 1530 1277 1601 periculo
1308 1548 1395 1584 ca·

366 1615 501 1687 pitis
546 1613 601 1665 id
662 1613 875 1683 signum
926 1610 1070 1662 canis
1127 1609 1396 1681 integrum

366 1704 687 1765 praestsrent
712 1692 787 1753 ii,
818 1689 1011 1761 quibus
1041 1686 1238 1742 credita
1272 1689 1398 1742 odis

370 1771 541 1826 tutela
562 1781 691 1822 esset
706 1768 1031 1840 ,respublica
1050 1781 1306 1822 sanxerat.
1323 1769 1389 1822 H.

461 1868 486 1903 ι
504 1869 556 1904 1.
580 1849 864 1902 Tutelae-ios.
868 1848 1075 1901 Tutela
1096 1836 1426 1918 redempto-

366 1947 491 1995 res,
528 1927 623 2000 qui
668 1946 769 1997 pro
804 1924 1046 1980 custodia
1088 1926 1387 1980 mercedem

368 2010 737 2081 accipiebant,
766 2007 1191 2079 prastabsntque
1218 2025 1273 2059 se
1290 2025 1389 2060 suo

367 2089 611 2160 periculo
636 2107 751 2141 rem
776 2087 1021 2141 tuituros.
1054 2083 1195 2138 Vide
1232 2086 1389 2140 Grot.

372 2167 429 2222 in
446 2169 662 2220 Florum
690 2168 959 2238 sparsione
980 2164 1047 2219 ad
1073 2165 1106 2217 J
1111 2183 1170 2218 us
1191 2165 1224 2217 J
1228 2165 1387 2218 ustin

370 2265 429 2318 p.
455 2247 547 2302 63.
574 2247 761 2300 Hau.
782 2276 863 2288 —-
886 2246 989 2298 Pro
1018 2265 1092 2298 ea.
1120 2245 1209 2298 Sic
1230 2246 1388 2300 etiam

372 2326 541 2382 Gron.
564 2340 619 2380 et
644 2327 725 2380 Al.
749 2345 843 2397 pro
869 2345 925 2378 eo
953 2326 1099 2378 Brot.
1132 2324 1237 2378 En.

452 2407 659 2459 xvnl.
712 2425 762 2460 1.
816 2405 1082 2459 colossas.
1120 2405 1290 2458 Gron.
1334 2415 1390 2458 et

372 2483 467 2537 Al.
488 2497 607 2537 ante
638 2484 803 2538 Han-d.
831 2485 1051 2537 colossos.
1070 2483 1252 2537 Hann-

458 2583 511 2617 2.
554 2565 689 2617 Talis
714 2577 788 2616 est
820 2568 870 2616 in
905 2564 1145 2634 Capitolio
1185 2562 1386 2633 Apollo.

371 2643 555 2697 Refert
588 2643 693 2696 hoc
726 2645 902 2716 ipsum
943 2643 1131 2696 Strabo
1164 2640 1385 2696 totidem

370 2723 569 2790 verbis,
588 2723 719 2788 vn,
732 2742 793 2794 p.
822 2723 851 2775 3
866 2739 951 2792 ¹9·
971 2722 1119 2775 Vict.
1142 2722 1197 2774 in
1219 2720 1386 2775 deser.

371 2802 556 2855 Roma
584 2841 601 2867 ,
643 2802 860 2873 regione
908 2801 1075 2854 Urbis
1133 2813 1317 2853 octava
1370 2820 1384 2853 z

378 2905 403 2928 ι
433 2881 632 2954 Apollo
662 2881 942 2933 translatus
963 2897 1024 2932 ex
1052 2879 1334 2948 Apollonia
1358 2899 1389 2944 a

368 2959 635 3024 Lucullo,
656 2959 872 3028 triginta
901 2959 1158 3010 cubitum.
1187 2983 1211 3005 ι
1238 2959 1307 3010 Η.

454 3039 510 3094 3.
542 3039 630 3091 Ex
654 3037 931 3108 ΑροΙΙοηία.
965 3037 1042 3090 Ea
1066 3037 1265 3090 scilicet
1282 3075 1297 3102 ,
1322 3036 1389 3090 de

370 3137 477 3191 qun
504 3119 609 3184 lv,
648 3135 741 3186 ²7-
773 3113 952 3169 nmo.

460 3205 511 3262 4.
570 3200 860 3267 Qulngente's
902 3195 1113 3250 talentis.
1160 3196 1387 3248 Moneta

368 3276 571 3350 gallice
590 3277 739 3330 libra
763 3287 905 3330 sunt.
930 3275 1259 3345 2‚284,375.
1283 3276 1387 3328 En.

459 3358 509 3411 5.
544 3358 607 3409 In
630 3377 799 3428 campo
820 3355 1021 3410 Martio.
1052 3355 1101 3408 N
1103 3373 1206 3408 ont
1225 3353 1389 3408 Urbis

368 3436 607 3507 regione.
630 3437 817 3489 Hsnn.

396 3545 407 3556 ·
455 3519 509 3570 6.
554 3517 659 3586 Qui
694 3527 901 3567 vocatur
936 3513 1273 3584 Pompeianus.
1322 3514 1388 3566 In

371 3595 501 3666 Ress.
550 3616 579 3648 a
626 3608 680 3648 et
713 3595 871 3649 colb.
921 3593 974 3656 3,
1018 3596 1101 3664 qm'
1136 3594 1394 3645 devoratur

374 3673 655 3746 Pompeiam*
680 3675 854 3726 theatri
873 3675 1123 3726 vicinitate
1148 3693 1169 3726 .·
1196 3673 1389 3743 quibus

372 3755 547 3808 verbis
565 3767 739 3826 potest
759 3754 969 3807 subesse
988 3753 1097 3805 hoc
1116 3751 1395 3818 sententia,

376 3831 564 3887 theatri
588 3837 703 3904 ejus
731 3831 1065 3905 proximitate
1084 3831 1281 3894 minui,
1298 3829 1391 3884 dc-

378 3910 552 3980 primi,
568 3914 855 3985 minusque
866 3907 1121 3984 grandem
1134 3927 1389 3984 apparere

376 3987 563 4046 lovem
600 3993 751 4046 hune
789 3991 1105 4046 colosseum.
1148 3989 1254 4045 Sed
1294 4007 1393 4044 nec

524 4091 657 4156 IX.

1897 1334 2079 1404 talis⁷
2118 1352 2186 1405 et
2236 1341 2505 1414 Tarenti

1488 1547 1602 1583 eam
1615 1530 1868 1602 loquendi
1879 1533 2105 1585 sormam
2118 1534 2361 1589 Pliniano
2370 1541 2510 1610 stylo

1488 1608 1730 1681 dignam3
1767 1629 1854 1676 nc,
1894 1611 2011 1677 vel,
2045 1613 2088 1665 si
2130 1614 2296 1680 foret,
2338 1616 2511 1672 alieno

1486 1689 1720 1784 positam
1727 1691 1846 1743 loco
1861 1708 2146 1746 censemus.
2161 1694 2226 1745 In
2242 1696 2511 1752 Parmensi

1488 1768 1614 1822 edit.
1639 1773 1720 1842 qui
1744 1769 1852 1822 ideo
1877 1783 2092 1823 vocatur.
2123 1773 2366 1826 Lectioni
2383 1795 2510 1834 sane

1450 1838 1457 1847 “
1482 1849 1806 1940 pervulgate
1833 1850 2040 1921 egregie
2066 1852 2204 1904 favet
2229 1853 2289 1908 P.
2312 1855 2508 1910 Victor

1480 1928 1539 1980 in
1567 1925 1818 2000 descript.
1847 1931 1996 1984 urbis
2021 1931 2236 1993 Romo,
2271 1946 2324 1987 et
2347 1936 2416 1988 ab
2438 1953 2504 1991 eo

1478 2007 1710 2060 vicissim
1759 2009 1935 2061 lucem
1981 2011 2189 2082 accipit.
2233 2012 2319 2066 Sic
2355 2016 2503 2069 enim

1478 2086 1600 2152 ifle,
1650 2087 1866 2170 regione
1905 2107 2045 2142 nona
2091 2111 2104 2141 τ
2145 2092 2504 2150 :Theatrum

1479 2165 1629 2220 Balbi
1656 2149 1800 2237 capit
1830 2167 1943 2220 loca
1975 2169 2188 2238 triginta
2215 2172 2384 2226 millia
2407 2193 2502 2227 no·

1475 2245 1694 2316 naginta
1735 2247 1991 2318 quinque.
2043 2247 2298 2302 Claudius
2328 2251 2502 2308 Caesar

1478 2323 1772 2388 dedicavit,
1819 2339 1874 2380 et
1913 2327 2214 2397 appellatur
2244 2347 2275 2380 a
2311 2331 2501 2387 vicini.

1477 2416 1585 2457 tate
1619 2405 1832 2475 Jupiter
1871 2405 2228 2478 Pompeianus
2245 2449 2258 2460 .
2275 2449 2288 2460 .
2305 2410 2498 2465 .Thea-

1478 2495 1620 2536 trum
1649 2485 1920 2554 Pompeii,
1953 2497 2048 2538 etc.
2074 2511 2097 2533 ι
2139 2487 2245 2552 Qui
2272 2488 2419 2544 locus
2445 2505 2500 2546 et

1477 2581 1578 2634 per
1615 2580 1700 2628 se,
1749 2564 1805 2615 ni
1846 2563 2104 2631 fallimur,
2151 2567 2394 2635 mutilus,
2446 2585 2500 2626 et

1476 2653 1800 2714 praepostere
1828 2643 2195 2714 interpunctas
2225 2646 2498 2706 editorum

1477 2721 1716 2780 incuria,
1750 2721 1834 2774 vel
1861 2739 1924 2774 ex
1946 2723 2050 2776 hoc
2080 2723 2241 2777 Plinii
2265 2729 2385 2782 loco
2412 2730 2497 2783 in·

1478 2801 1757 2870 telligitur,
1781 2819 1890 2871 quo
1917 2801 2108 2854 Jovem
2134 2803 2307 2874 ipsum
2335 2809 2497 2862 Pom-

1476 2880 1728 2952 peianum
1763 2899 1794 2932 a
1833 2879 2057 2934 Claudio
2083 2880 2415 2952 dedicatum,
2445 2901 2500 2943 et

1476 2978 1506 3012 a
1553 2958 1852 3024 vicinitate,
1897 2977 2245 3031 quaecumque
2281 2963 2498 3021 demum

1478 3055 1539 3092 es
1559 3038 1622 3092 sit
1636 3078 1652 3103 ,
1676 3037 1890 3090 traxisse
1907 3057 2102 3092 nomen
2126 3037 2490 3100 admonemur.

1477 3119 1663 3189 Itaque
1689 3115 1834 3186 apud
1857 3117 2204 3173 P.Victorem
2232 3123 2330 3194 legi
2351 3125 2496 3182 haud

1478 3196 1644 3250 dubie
1671 3195 1834 3248 satius
1858 3197 2032 3250 multo
2057 3199 2216 3254 suerit
2237 3219 2252 3254 :
2279 3229 2302 3251 ι
2327 3205 2498 3262 Then-

1476 3288 1622 3328 trum
1662 3275 1850 3328 Balbi..
1861 3276 2119 3347 Jupiter
2143 3299 2303 3352 quem
2335 3287 2498 3340 Clau-

1480 3353 1601 3408 dius
1623 3355 1796 3408 caem
1814 3353 2108 3424 dedicavit,
2132 3373 2182 3412 et
2200 3365 2498 3434 appellatur

1477 3454 1512 3488 a
1551 3435 1821 3487 vicinitate
1862 3435 2078 3507 Jupiter
2114 3439 2495 3515 Pompeianus,

1478 3526 1580 3568 etc.
1612 3513 1862 3568 uliano.

1561 3612 1618 3664 7.
1663 3594 1801 3646 Talis
1826 3607 1876 3646 et
1901 3595 2102 3648 Tarenti
2109 3597 2298 3665 factus.
2321 3599 2464 3669 Lege
2478 3637 2496 3664 ,

1478 3673 1593 3725 talis
1629 3685 1678 3725 ee
1727 3675 1956 3726 Hercules
2005 3677 2209 3728 Tarenti
2219 3715 2234 3738 ,
2277 3689 2380 3734 etc.
2437 3695 2499 3730 ox

1477 3753 1885 3819 strabone,1ih.
1910 3755 2009 3806 vl.
2051 3755 2332 3809 Colossum
2375 3772 2512 3820 euni,

1478 3831 1670 3886 Fabius
1693 3833 1978 3897 Maximus,
2003 3844 2158 3902 capto
2182 3833 2498 3901 viTarento,

1482 3913 1706 3965 Romam
1733 3911 2028 3976 transtulit,
2055 3923 2109 3964 et
2133 3923 2192 3964 ut
2219 3909 2500 3968 donarium

1480 3992 1540 4044 in
1571 3991 1840 4062 Capitolio
1875 3989 2112 4046 sacravit.
2149 3989 2340 4045 Strabo
2379 3994 2501 4066 qui·

2129 4111 2200 4158 11
