2975 4684
1107 438 1412 559 LIBpR
1463 436 1772 506 XXXV.

2354 448 2489 541 291⁸

393 571 570 639 Fabii
621 568 988 637 clarissimae
1043 565 1302 662 gentis‚}
1355 568 1787 661 princepsque
1846 566 1984 659 ejus
2009 621 2029 653 ,
2086 576 2491 665 cognominis

393 678 552 769 ipse,
566 674 768 743 aedem
795 671 1068 742 Salutis²
1099 673 1308 765 pinxit
1331 696 1507 740 anno
1526 672 1725 739 Urbis
1761 672 2038 741 conditae
2070 694 2317 763 cccci„
2348 706 2491 773 quae

395 782 648 873 pictura
679 778 939 847 duravit
967 776 1051 845 ad
1091 792 1380 845 nostram
1415 778 1835 881 memoriam,
1862 777 1999 845 aede
2030 776 2285 849 Claudii
2360 788 2490 853 rin-

395 887 613 977 cipatu
650 898 895 952 exusta.
931 884 1227 950 Proxime
1263 854 1588 951 celebra'ta
1616 898 1754 963 est,
1790 884 1857 949 in
1888 882 2033 951 foro
2063 882 2291 954 boario
2357 889 2494 959 aede

396 988 728 1075 Herculis,
770 989 1034 1057 Pacuvii
1081 1001 1290 1080 poetae
1333 972 1645 1081 pictura(
1689 972 1921 1054 Ennii⁵
1974 1012 2197 1057 sorore
2239 995 2494 1085 genitus

395 1092 504 1161 hic
521 1094 672 1162 fuit.
708 1090 1179 1185 clarioremque
1205 1116 1348 1159 eam
1373 1106 1580 1161 artem
1608 1092 1839 1159 Romae
1858 1091 2011 1161 fecit
2034 1091 2239 1211 gloria
2265 1120 2492 1167 scenae.

395 1200 628 1267 Postea
655 1224 790 1266 non
825 1213 925 1267 est
956 1182 1286 1291 spectata⁶
1321 1197 1612 1265 honestis
1638 1196 1971 1263 manibus:
2009 1198 2133 1265 nisi
2162 1198 2329 1267 forte
2351 1205 2495 1294 quis
2536 1244 2565 1278 2

395 1302 756 1397 Turpilium
783 1306 1066 1396 equitem
1095 1326 1440 1369 romanum
1473 1302 1806 1369 eVenetia
1836 1314 2075 1369 nosttae
2106 1304 2310 1373 aetatis
2341 1306 2497 1376 velit

395 1408 662 1493 referre,
673 1408 998 1500 hodieque
1013 1404 1302 1499 pulchris
1315 1407 1454 1498 ejus
1465 1406 2057 1498 operibusVeronae
2069 1410 2490 1480 exstantibus.

395 1515 592 1581 Laeva
616 1516 668 1580 is
687 1536 886 1580 manu
903 1511 1112 1604 pinxit
1127 1563 1146 1594 ‚
1169 1508 1347 1601 quod
1363 1508 1444 1577 de
1462 1507 1643 1576 nullo
1663 1524 1813 1577 ante
1824 1525 2245 1579 memoratur.
2270 1516 2497 1585 Parvis
2608 1529 2611 1532 '

398 1616 798 1709 gloriabatur
811 1612 1082 1698 tabellis,
1095 1616 1450 1681 exstinctus
1468 1637 1681 1706 nuper
1708 1614 1775 1680 in
1800 1612 1994 1707 longa
2013 1632 2269 1685 senecta
2281 1670 2301 1704 ‚
2322 1622 2500 1687 Anti-

399 1723 558 1791 stius
580 1720 804 1789 Labeo
818 1720 840 1759 ⁷
881 1720 1246 1813 praetorius,
1265 1720 1462 1787 etiam
1481 1716 1947 1813 proconsulatu
1964 1722 2317 1811 provincia!
2328 1725 2498 1793 Nar·

397 1825 702 1893 bonensis
731 1825 1016 1894 functuS.
1039 1824 1167 1892 Sed
1194 1848 1268 1891 ea
1299 1848 1400 1891 res
1432 1826 1499 1891 in
1526 1824 1659 1892 risu
1678 1837 1744 1890 et
1761 1823 2153 1893 contumelia
2172 1841 2329 1895 erat.
2350 1830 2499 1899 Fuit
2534 1857 2565 1911 3

397 1945 462 1998 et
487 1932 854 2024 principum
893 1932 1183 1997 virorum
1213 1953 1345 1996 non
1375 1927 1810 1999 omittendum
1848 1926 1929 1996 de
1954 1930 2211 2021 pictura
2244 1932 2499 2003 celebre

397 2034 758 2105 consilium.
783 2036 916 2122 Qu.
949 2034 1182 2103 Pedius
1218 2058 1422 2127 nepos
1455 2035 1587 2121 Qu.
1625 2017 1841 2101 Pedii⁸
1876 2034 2233 2105 consularis
2270 2040 2498 2107 trium-

395 2140 767 2235 phalisque,
819 2164 857 2207 a
903 2142 1160 2208 Caesare
1212 2137 1531 2207 dictatore
1592 2138 1949 2206 cohaeredis
1990 2142 2288 2233 Augusto
2323 2142 2498 2227 dati,

395 2270 596 2339 quum
630 2261 864 2315 natura
895 2261 1116 2313 mutus
1152 2258 1354 2329 esset,
1398 2268 1549 2310 eum
1589 2226 1869 2312 Messala
1905 2258 2151 2331 orator,
2192 2269 2270 2313 ex
2312 2248 2497 2338 cujus

397 2350 636 2419 familia
658 2352 845 2445 pueri
863 2351 1007 2418 avia
1030 2364 1171 2418 erat
1185 2350 1548 2442 ,picturam
1573 2347 1947 2417 docendum
1983 2350 2237 2429 censuit
2255 2351 2498 2445 ,idque

391 2457 588 2522 etiam
624 2455 813 2524 divus
849 2459 1178 2551 Augustus
1212 2454 1686 2548 comprobavit.
1716 2456 1889 2520 Puer
1918 2457 2138 2549 magni
2166 2455 2499 2549 profectus

395 2561 460 2626 in
497 2585 573 2629 ea
608 2577 746 2629 arte
774 2560 951 2628 obiit.
979 2562 1292 2653 Dignatio
1329 2570 1551 2629 autem
1588 2558 1921 2651 praecipua
1946 2560 2178 2629 Romae
2205 2563 2501 2648 increvit,

393 2733 610 2801 legatus.
637 2730 780 2785 'Vide
809 2731 876 2784 de
905 2744 1012 2785 tota
1045 2751 1105 2785 ea
1131 2732 1401 2794 Pictorum

397 2810 591 2861 familia
619 2811 772 2880 plura
803 2809 945 2879 apud
973 2812 1099 2864 Ger.
1123 2812 1403 2863 Joh.V0s·

394 2889 532 2941 nium
557 2886 625 2941 de
645 2888 778 2940 His«.
801 2889 917 2939 Lat.
939 2890 996 2951 Ι,
1026 2888 1079 2939 3.
1113 2889 1297 2941 Hmn.

481 2984 530 3018 2.
561 2966 744 3018 AEdem
774 2964 972 3017 Salutis.
997 2966 1226 3036 Regione
1241 2966 1404 3019 Urbis

394 3057 534 3098 sexta
559 3062 572 3096 :
607 3068 628 3090 ι
650 3044 928 3113 Templum
960 3044 1148 3097 Salutis
1175 3046 1230 3097 in
1270 3045 1403 3097 colle

397 3122 692 3188 Quirinale,
701 3150 726 3168 ω
738 3122 908 3193 inquit
923 3122 1172 3177 P.Victor
1185 3124 1240 3175 in
1259 3122 1400 3177 desc.

393 3204 594 3255 Rome.
617 3204 798 3254 Hum.

478 3282 530 3335 3.
575 3282 636 3333 In
651 3282 771 3347 foro
797 3280 975 3331 boario.
1003 3278 1065 3332 P.
1094 3280 1303 3347 Victor,
1319 3298 1403 3333 re·

392 3360 550 3431 gione
571 3358 735 3413 Urbis
759 3370 940 3411 octava
967 3380 978 3409 :
1009 3384 1032 3405 ι
1059 3358 1255 3411 Forum
1277 3359 1406 3412 Boa-

391 3440 532 3491 rium
554 3477 567 3489 .
586 3478 599 3490 .
615 3478 631 3492 .
647 3438 806 3491 AEdes
825 3438 1066 3491 Herculis
1088 3436 1322 3489 Victoris
1337 3472 1349 3484 .
1362 3476 1376 3489 .
1389 3477 1403 3489 .

391 3519 445 3571 in
465 3518 582 3571 foro
602 3518 788 3571 boario
803 3556 819 3581 ,
845 3517 1157 3589 cognomine
1177 3514 1404 3569 rotunda

393 3610 448 3649 ct
467 3614 643 3666 parva.
673 3622 696 3645 ι
722 3596 902 3649 Rutu.

475 3676 768 3736 4.-Ρασανὶἱ
795 3685 953 3746 poeta
976 3678 1186 3744 pictura.
1225 3670 1277 3725 Δ
1305 3672 1404 3725 Pa-

393 3754 544 3807 cuvio
591 3766 774 3824 poeta,
826 3751 1120 3825 eodemque
1165 3752 1369 3823 pictore
1386 3788 1404 3815 ,

394 3831 671 3887 elaborata.
698 3832 877 3885 Halm.

477 3908 529 3962 5.
569 3912 740 3963 Ennii.
775 3910 1088 3965 Numantini
1115 3910 1236 3961 belli
1267 3920 1402 3967 tem·

393 3987 609 4055 poribus
620 3990 822 4055 duruit,
843 4016 865 4039 ι
881 3988 1171 4060 Tragoediae
1180 3986 1404 4057 scriptor

390 4064 724 4130 clarissimus,
740 4069 988 4138 gravitate
1006 4068 1401 4141 sententiarum,

1489 2730 1773 2783 vaborum
1810 2727 2047 2799 pondere
2062 2768 2079 2793 ‚
2110 2741 2161 2785 et
2200 2728 2504 2799 auctoritate

1487 2826 1833 2879 personarum
1848 2844 1865 2871 ,
1896 2832 1918 2853 ιι
1938 2807 2012 2860 ait
2034 2808 2249 2869 Fabius,
2266 2812 2338 2877 X,
2356 2832 2381 2865 1
2395 2850 2408 2863 .
2432 2812 2501 2867 H.

1572 2892 1624 2940 6.
1668 2886 1843 2937 Postea
1881 2904 1977 2937 non
2006 2900 2080 2937 est
2108 2900 2355 2957 spectata·
2375 2890 2503 2945 Post

1487 2964 1622 3019 illud
1638 2977 1847 3035 tempus
1859 2982 1969 3019 non
1988 2978 2065 3019 est
2081 2966 2499 3023 animadversum

1487 3059 1654 3098 artem
1678 3062 1794 3097 eam
1822 3044 2034 3097 tractari
2055 3044 2395 3100 honestorum
2424 3048 2501 3100 vi-

1487 3142 1668 3177 rorum
1698 3122 1959 3175 manibus.
1990 3121 2057 3175 H.
2085 3154 2165 3165 -—-
2188 3124 2316 3177 Mox
2352 3126 2505 3181 Brot.

1489 3220 1552 3254 ex
1582 3204 1741 3273 Regg.
1766 3199 1922 3254 codd.
1949 3218 1976 3253 ει
1996 3238 2012 3265 ,
2044 3198 2108 3263 3,
2144 3216 2199 3255 et
2216 3203 2301 3256 ed.
2326 3206 2497 3276 princ.

1491 3293 1669 3333 nostroe
1697 3284 1857 3331 oetaaea's
1878 3300 1905 3330 e
1932 3280 2151 3334 Venetia.
2182 3283 2287 3335 En.

1571 3378 1626 3427 7.
1661 3360 1900 3411 Antistius
1916 3358 2095 3411 Labeo.
2120 3360 2245 3413 Dixi
2272 3361 2339 3414 de
2360 3380 2423 3415 eo
2444 3363 2501 3415 in
2536 3412 2546 3423 ,

1489 3450 1767 3489 auctorum
1789 3435 1992 3489 Indice.
2022 3436 2204 3492 liano.

1570 3515 1620 3566 8.
1657 3516 1820 3584 Nepos
1852 3516 1948 3585 Qu.
1990 3516 2151 3569 Pedii.
2190 3516 2295 3581 Qui
2324 3534 2504 3568 sorore

1492 3594 1553 3646 C.
1580 3594 1611 3646 J
1618 3593 1689 3647 ul.
1713 3593 1935 3665 casaris·
1955 3606 2244 3665 prognatus
2268 3594 2506 3647 consula-

1491 3684 1605 3725 tum
1630 3689 1753 3724 cum
1791 3672 2015 3725 Octavio
2046 3672 2365 3725 consobrino
2390 3688 2505 3740 ges-

1492 3751 1559 3802 sit
1573 3789 1588 3814 ,
1618 3750 1790 3803 Hirtio
1810 3762 1864 3803 et
1886 3750 2051 3803 Pansa
2080 3749 2223 3820 apud
2244 3748 2507 3801 Mutinam

1489 3830 1633 3881 casis
1678 3846 1692 3881 τ
1743 3826 2183 3897 haereditatisque·
2208 3826 2508 3885 Casan-iano

1487 3921 1639 3978 parte
1665 3926 1755 3959 sua
1786 3906 2009 3970 Octavio
2032 3904 2198 3957 cessit.
2220 3905 2337 3957 Hoc
2356 3903 2424 3956 de
2444 3924 2507 3959 eo

1488 3986 1730 4039 referunt
1755 3984 1994 4047 Tullius,
2022 3982 2325 4035 Patet-culus
2340 4022 2355 4045 ,
2378 3982 2507 4037 Sue-

1491 4064 1695 4129 tonius,
1726 4062 2030 4133 Appianas,
2058 4062 2180 4114 Dio.
2212 4062 2390 4116 Hmn.

2052 4166 2170 4250 19²
