2975 4684
1108 352 1423 455 ,LlssER
1470 351 1822 419 xxxvl.

2383 350 2508 422 501

411 481 741 553 basilicam
753 482 938 553 Pauli
954 482 1275 553 columnis
1293 510 1329 553 e
1346 481 1741 577 Phrygibus⁷
1763 479 2124 551 mirabilem
2140 534 2160 569 ,
2175 482 2523 579 forumque

412 587 543 656 divi
576 591 851 683 Augusti
868 576 915 675 ⁸,
950 602 1017 659 et
1060 588 1377 684 templum
1422 588 1638 657 Pacis⁹
1685 588 2064 681 Vespasiani
2109 590 2523 683 imperatoris

410 694 716 788 Augusti,
742 694 1183 787 pulcherrima
1212 719 1487 785 operum
1515 745 1534 777 ,
1562 718 1706 788 quae
1739 718 2052 788 umquam
2076 720 2092 761 τ
2115 694 2522 764 Pantheon¹⁰

410 800 557 867 Jovi
614 798 833 868 Ultori
889 800 973 869 ab
1024 801 1318 895 Agrippa
1370 799 1618 869 factum
1644 851 1662 885 ,
1725 823 1928 893 quum
1987 799 2320 869 theatrum
2372 816 2524 870 ante

412 906 645 973 texerit
664 907 895 975 Romae
916 905 1216 975 Valerius
1230 906 1553 975 Ostiensis
1568 904 1964 973 architectus
1983 902 2172 972 ludis¹
2183 903 2199 927 ¹
2219 904 2526 975 Libonis?

410 1077 623 1133 Patinns
676 1080 893 1135 exhibet
910 1118 927 1147 ,
980 1082 1075 1135 lib.
1116 1080 1184 1135 de
1231 1080 1419 1134 Famil.

410 1157 543 1209 Rom
560 1197 572 1210 .
600 1178 717 1230 pag.
752 1179 808 1230 7.
834 1160 1126 1214 Meminere
1152 1158 1419 1214 Plutarch.

410 1235 465 1287 in
492 1237 725 1304 Caesare3
749 1239 852 1291 Dio
868 1279 883 1305 ,
902 1240 995 1292 lib.
1024 1240 1222 1291 XLIX.
1244 1240 1303 1291 P.
1324 1236 1423 1289 Vi-

409 1326 525 1367 ctor
548 1315 605 1367 in
630 1315 1011 1382 deser.Romae,
1034 1318 1249 1388 regione
1276 1327 1425 1369 octa-

410 1410 476 1445 va
494 1434 509 1456 ,
535 1394 630 1445 nbi
663 1408 713 1447 et
736 1396 917 1448 sorum
942 1414 1221 1449 romanum
1238 1435 1253 1461 ,
1282 1420 1305 1443 ι
1328 1394 1426 1445 Ba-

406 1472 549 1524 silica
598 1473 749 1525 Pauli
791 1491 913 1526 cum
969 1474 1212 1546 Phrygiis
1278 1472 1425 1526 coln-

408 1550 563 1603 mnis.
584 1576 604 1596 -
632 1550 807 1603 Ham).

492 1648 542 1696 7.
570 1623 811 1681 Columnis
832 1650 859 1681 e
878 1631 1173 1701 Phrygibus.
1192 1631 1419 1685 Marmo-

408 1704 481 1757 ris
510 1706 797 1777 Synnadici
816 1748 830 1771 ‚
864 1710 975 1772 vel,
996 1721 1058 1762 ut
1078 1710 1313 1783 Phryges
1340 1711 1421 1763 lo-

406 1786 785 1854 qunntur,doci
790 1788 929 1841 mitis
940 1810 953 1839 t
970 1788 1163 1842 coloris
1174 1790 1422 1843 varietate

408 1863 717 1919 alabastritae
743 1866 943 1920 similis.
969 1869 1181 1921 Confer.
1206 1868 1418 1934 Strab0,

408 1942 500 1995 lib.
518 1942 640 1995 XII.
666 1946 867 1999 Daue.

488 2023 540 2074 8.
564 2022 832 2095 For-umque
855 2024 957 2076 dim·
976 2024 1207 2095 Augusti.
1236 2026 1295 2077 P.
1324 2026 1418 2077 vi-

408 2100 576 2153 ctorl.
594 2120 644 2154 c.
668 2103 996 2173 uForumque
1020 2104 1277 2175 Augusti,
1297 2123 1420 2157 cum

406 2177 517 2233 aede
538 2180 721 2233 Martis
741 2182 960 2235 Ultoris.
984 2208 1006 2229 ι
1035 2182 1177 2236 Vide
1200 2185 1417 2237 Sueton.

408 2256 462 2309 in
488 2259 725 2329 Augusto
743 2300 757 2323 ,
784 2280 898 2331 cap.
928 2279 1079 2313 xxxx.
1113 2263 1295 2317 num.

490 2354 546 2403 9.
589 2338 833 2406 Templum
869 2340 1032 2392 Pacis.
1068 2340 1208 2393 Foro
1234 2341 1417 2411 proxi·

407 2432 581 2480 mum,
610 2428 669 2468 ut
698 2416 825 2469 alibi
842 2415 1090 2471 diximus.
1114 2418 1295 2471 Banu.

492 2512 515 2545 1
526 2512 575 2546 o.
592 2494 856 2549 Pantheon.
874 2497 1029 2549 Nunc
1050 2494 1187 2549 aedes
1201 2509 1280 2549 est
1299 2498 1419 2550 Dei-

406 2590 548 2641 parae
559 2592 719 2627 sacra.
734 2574 1035 2628 Rotundum
1054 2592 1081 2627 a
1097 2576 1265 2629 forma
1282 2588 1419 2629 stru-

406 2662 569 2707 ctum
593 2666 800 2706 vocant.
823 2656 915 2707 Est
931 2653 1101 2719 enim,
1128 2666 1189 2705 ut
1206 2654 1277 2706 ait
1298 2658 1419 2706 Am·

406 2730 568 2783 mian.
594 2732 761 2785 XVI:
796 2755 817 2775 α
836 2732 1081 2803 Speciosa
1111 2732 1419 2785 celsitudine

408 2806 682 2860 fornicata.
702 2834 725 2855 ι
762 2810 943 2863 ΗΛιι).

495 2904 517 2937 1
538 2904 584 2938 1.
608 2887 757 2938 Ludis
792 2887 1005 2940 Libonis.
1041 2886 1305 2939 Scribonii
1328 2889 1419 2941 Li-

407 2963 561 3016 bonis
573 3003 588 3025 ,
610 2966 705 3035 qui
727 2964 998 3018 Ciceronis
1012 2966 1285 3019 consulatu
1302 2966 1421 3020 aedi·

408 3041 606 3095 litatem
644 3044 815 3115 gessit.
856 3044 1028 3114 Hujus
1058 3058 1135 3097 est
1173 3064 1420 3099 nummus

407 3134 680 3191 argenteus
732 3122 787 3175 in
848 3123 1035 3177 Museo
1090 3138 1273 3179 nostro
1295 3165 1310 3187 ,
1366 3138 1421 3179 et

406 3200 547 3271 apud
574 3201 815 3254 Patinum
832 3241 849 3265 .,
872 3202 927 3254 in
952 3202 1099 3255 Fam.
1130 3222 1251 3276 pag.
1285 3211 1414 3273 ²⁴9·

406 3280 581 3350 Caput
606 3278 917 3335 Concor-(lise
938 3281 1166 3335 velatum
1189 3284 1417 3350 exhibet,

404 3370 457 3411 et
475 3357 692 3413 nomina
715 3361 863 3413 Pauli
886 3360 1102 3432 Lepidi,
1125 3375 1185 3415 ut
1204 3364 1309 3432 jam
1332 3382 1417 3415 su·

404 3438 580 3509 petius
598 3438 829 3493 vidimus
842 3437 909 3492 ad
922 3440 1019 3493 lib.
1043 3440 1310 3506 XXXIII,
1325 3441 1417 3512 qni

408 3516 593 3569 Paulus
632 3538 695 3570 ex
722 3531 899 3589 patre,
922 3520 1130 3590 Lepidus
1156 3538 1219 3573 ex
1247 3534 1414 3574 matre

406 3595 505 3648 fuit
521 3637 535 3661 ‚
580 3596 689 3649 filia
714 3596 903 3670 Lepidi
928 3599 1211 3653 triumviri.
1237 3600 1313 3652 Ex
1339 3600 1415 3653 al-

406 3686 511 3725 tera
554 3690 701 3747 parte
732 3678 787 3729 in
825 3678 1030 3731 ambitu
1072 3677 1265 3749 legitur
1280 3719 1297 3744 ,
1324 3698 1415 3731 rv-

404 3770 555 3805 τιμε..
584 3774 829 3809 εοιιωοκ.
856 3758 1001 3811 Infra
1024 3776 1152 3809 uno
1170 3796 1186 3819 ‚
1220 3758 1277 3811 in
1304 3775 1417 3809 me-

406 3828 497 3881 dio
517 3852 790 3905 compages
822 3835 987 3906 lignea
1006 3834 1259 3907 quadrata
1278 3876 1292 3901 ,
1312 3854 1419 3889 ser-

407 3908 473 3959 tis
484 3928 545 3963 ac
560 3910 779 3966 floribus
789 3913 1137 3969 circumdata:
1152 3914 1275 3969 hinc
1294 3914 1416 3968 inde

410 3988 637 4054 pendent
659 3993 800 4045 velut
824 3996 1017 4049 zui-cula
1036 3992 1178 4059 duze,
1206 3996 1287 4047 vel
1311 4014 1417 4047 sac·

1512 1080 1621 1133 culi
1642 1079 1874 1133 forenses
1899 1077 2034 1142 duo,
2057 1078 2116 1130 in
2143 1080 2335 1149 quibus
2356 1095 2522 1135 essent

1509 1158 1856 1213 instrumenta
1877 1157 2046 1211 litium
2069 1156 2285 1211 :inimo
2306 1160 2524 1215 malleo-

1509 1239 1592 1291 lus
1608 1278 1622 1302 ‚
1651 1258 1757 1309 quo
1780 1238 1988 1308 signum
2010 1254 2038 1288 a
2058 1248 2284 1306 pretore
2313 1235 2524 1293 daretur

1509 1316 1748 1387 praetorii
1769 1314 2085 1369 dimittendi.
2103 1316 2282 1369 Curia
2300 1334 2362 1369 ea
2379 1330 2524 1387 septa

1511 1396 1620 1447 sive
1645 1397 1864 1449 claustra
1879 1408 2034 1460 sunt,
2059 1394 2356 1464 cujusmodi
2379 1396 2524 1465 apud

1511 1492 1610 1527 nos
1653 1486 1733 1527 est
1773 1472 1922 1544 quod
1961 1486 2177 1539 vocant,
2218 1474 2262 1525 le
2302 1487 2523 1545 par-quet.

1512 1554 1711 1605 Praetor
1727 1552 1976 1615 urbanus,
1989 1572 2158 1625 quum
2175 1552 2264 1606 hic
2275 1571 2526 1606 nummus

1511 1630 1814 1692 cuderetur,
1841 1632 2148 1685 Scribonius
2163 1632 2301 1685 Libo
2323 1630 2450 1697 fuit,
2471 1644 2526 1685 et

1509 1709 1648 1762 idem
1689 1711 1889 1781 primus
1925 1723 2114 1764 auctor
2151 1711 2263 1765 hoec
2301 1710 2522 1763 claustra

1508 1787 1872 1843 construendi.
1889 1790 2060 1861 Hujus
2078 1788 2319 1842 meminit
2337 1790 2523 1844 Horat.

1503 1866 1598 1920 lib.
1619 1871 1676 1934 1,
1696 1887 1781 1939 ep.
1805 1888 1902 1937 19,
1921 1888 1971 1920 v.
1998 1871 2062 1922 8:
2084 1893 2107 1916 ι
2133 1870 2310 1921 forum
2331 1870 2524 1938 puteal·

1503 1966 1592 2017 qus
1613 1947 1834 2000 Libonis
1855 1946 2122 1999 mandabo
2143 1948 2318 2000 siccis:
2342 1972 2364 1994 ι
2393 1965 2523 2018 quo-

1502 2026 1646 2077 niam
1673 2026 1836 2079 siccos
1859 2036 2072 2096 oportet
2097 2044 2208 2079 esse
2224 2060 2240 2087 ,
2267 2044 2380 2077 non
2409 2042 2521 2079 ma-

1508 2102 1661 2156 didos
1679 2144 1693 2167 ‚
1713 2104 1810 2175 qni
1837 2123 2015 2157 coram
2049 2103 2250 2156 Libone
2293 2116 2522 2175 praetore

1504 2195 1833 2252 perorarent.
1871 2184 1942 2236 Et
1965 2183 2059 2237 lib.
2091 2184 2176 2247 11,
2201 2183 2309 2235 Sat.
2332 2202 2391 2234 vr
2407 2221 2422 2247 ,
2442 2202 2520 2237 vs.

1507 2261 1616 2316 35:
1657 2261 1916 2315 «Roscius
1955 2263 2140 2315 orabat
2174 2260 2276 2314 sibi
2316 2260 2522 2315 adesses

1503 2338 1570 2393 ad
1589 2342 1763 2411 puteal
1782 2360 1915 2393 cras·
1934 2366 1958 2389 ι
1997 2340 2266 2393 Nimirum
2289 2352 2348 2393 ut
2377 2338 2522 2413 apud

1501 2432 1786 2489 praetorem
1815 2438 2024 2473 causam
2069 2418 2235 2490 ipsius
2264 2419 2520 2471 actitaret.

1503 2498 1740 2549 Claustra
1785 2497 1872 2551 illa
1915 2512 2124 2568 septave
2139 2536 2157 2563 ,
2200 2496 2346 2569 qnod
2372 2498 2520 2568 putei

1503 2571 1829 2645 crepidinem
1843 2588 2277 2645 repraesentarent
2287 2616 2304 2642 ,
2325 2578 2522 2629 Roma·

1501 2654 1560 2705 ni
1584 2652 1754 2722 puteal
1779 2654 2127 2723 appellarunt.
2173 2654 2298 2709 Fuit
2324 2667 2522 2726 praetor

1505 2733 1740 2784 urbanus
1785 2732 2089 2785 Scribonius
2129 2733 2266 2785 Libo
2305 2753 2334 2787 e
2366 2746 2521 2805 gente

1503 2810 1722 2881 patricia
1753 2827 1767 2861 ε
1793 2814 1943 2881 cujus
1968 2830 1998 2863 e
2028 2810 2252 2880 posteris
2278 2814 2340 2865 C.
2376 2812 2521 2866 Scri-

1504 2889 1697 2942 bonius
1719 2890 1901 2941 consul
1924 2908 1952 2940 a
1979 2889 2154 2941 Plinio
2174 2903 2520 2957 memoratur,

1501 2968 1598 3021 lib.
1625 2970 1712 3031 11,
1740 2986 1856 3038 cap.
1885 2966 1976 3023 35.
2000 2967 2252 3021 Vidimus
2282 2981 2336 3021 et
2359 2968 2518 3025 alium

1505 3048 1706 3119 pariter
1721 3068 1784 3101 ex
1807 3059 2027 3118 argento
2044 3065 2346 3110 nummum,
2370 3061 2520 3119 parte

1505 3145 1608 3179 una
1629 3126 1786 3179 simili
1810 3126 1978 3178 forma
2002 3126 2222 3196 putealis
2244 3144 2520 3198 :superne‚

1505 3223 1716 3258 rursu.
1739 3224 1754 3259 ε
1777 3205 1912 3257 infra
1935 3224 2182 3259 scarum«.
2210 3206 2365 3259 Parte
2390 3208 2520 3260 alte-

1503 3303 1561 3339 ra
1587 3296 1744 3355 caput
1781 3285 2001 3355 Augusti
2033 3284 2238 3338 nudum
2257 3324 2274 3351 ,
2299 3304 2518 3339 estun.

1506 3380 1780 3416 novsrvs.
1826 3364 1979 3417 Alius
2015 3376 2094 3416 est
2133 3366 2324 3419 Statius
2357 3364 2521 3425 Libo,

1505 3444 1656 3513 cujus
1677 3455 1758 3497 est
1775 3462 2028 3496 nummus
2055 3462 2119 3497 ex
2141 3462 2244 3497 aere
2266 3440 2520 3495 mediocri

1505 3522 1560 3575 in
1592 3522 1861 3575 Thesauro
1905 3522 2070 3593 Regio
2101 3535 2154 3574 et
2179 3519 2324 3591 apud
2349 3518 2518 3574 Patin.

1504 3619 1621 3673 pag.
1669 3604 1799 3653 266.
1839 3602 2014 3672 Caput
2045 3599 2266 3669 Augusti
2307 3595 2514 3649 nudum

1505 3680 1606 3733 exli
1614 3681 1721 3733 ibet
1736 3701 1750 3732 τ
1766 3680 2076 3750 epigraphe,
2090 3696 2176 3729 cn.
2192 3690 2356 3726 ειη-ι.
2373 3692 2518 3727 meo.

1510 3760 1664 3813 Cusus
1694 3760 1878 3813 Statius
1915 3750 2059 3821 (non
2083 3750 2338 3819 Statilius)
2367 3754 2488 3805 Libo
2503 3792 2520 3819 ,

1504 3838 1777 3893 Triumvir
1799 3829 2158 3894 Monetalis.)(.
2180 3832 2413 3904 Clypeus
2433 3854 2520 3885 vo-

1506 3918 1668 3982 tivus‚
1697 3917 1884 3970 dextro
1925 3913 2119 3965 latere:
2146 3911 2386 3977 sinistro,
2429 3932 2522 3965 ur-

1507 4014 1630 4050 ceus
1651 4034 1666 4061 ‚
1703 3995 1905 4063 insigne
1945 3990 2274 4043 sacerdotum
2307 4014 2320 4043 ε
2361 3992 2522 4056 infra,

2107 4086 2232 4157 32³
