2975 4684
1128 342 1431 410 LIBER
1480 342 1832 411 XXXIV.

2394 345 2532 416 205

418 499 659 570 magno
696 473 930 544 melius
958 473 1165 542 fundi.
1203 477 1496 568 Sequens
1525 487 1970 568 temperatura
2014 475 2378 545 statuaria¹¹
2405 495 2533 563 est,
2575 486 2606 539 3

418 580 779 674 eademque
808 578 1119 649 tabularis
1140 633 1160 665 ‚
1187 577 1319 648 hoc
1342 579 1544 648 modo
1582 602 1596 643 τ
1637 603 1850 648 massa
1889 580 2271 673 proflatur¹²
2303 584 2373 649 in
2398 587 2535 677 pri-

418 691 577 771 mis,
611 711 765 754 mox
792 688 862 753 in
898 685 1247 779 proflatum
1280 684 1546 754 additur
1572 686 1763 753 tertia
1795 686 2013 777 portio
2053 688 2198 755 aeris
2231 686 2534 759 collecta-

418 794 557 874 nei,
579 791 709 861 hoc
731 806 851 874 est,
874 815 953 860 ex
974 815 1095 859 usu
1115 793 1423 884 coempti.
1440 789 1780 859 Peculiare
1801 792 1868 858 in
1889 777 2020 859 eo¹³
2039 792 2536 865 condimentum

417 899 644 965 attritu
673 896 941 979 domiti,
963 912 1031 964 et
1061 896 1536 965 consuetudine
1572 898 1804 964 nitoris
1836 895 2037 965 veluti
2079 900 2531 969 mansuefacti.

416 989 845 1071 Miscentur¹⁴
885 1016 951 1069 et
987 1000 1237 1095 plumbi
1269 1004 1620 1097 argentarii
1654 1001 1878 1095 pondo
1923 1001 2226 1072 duodena
2261 1028 2339 1073 ac
2377 1007 2532 1075 seli-

418 1106 585 1190 brae,
624 1109 914 1177 centenis
949 1108 1229 1201 proflati.
1270 1106 1658 1201 Appellatur
1686 1109 2043 1175 etiamnum
2081 1122 2147 1176 et
2177 1098 2532 1181 formalis¹⁵

418 1227 863 1306 temperatura
894 1216 1037 1281 aeris
1065 1214 1429 1299 tenerrimi,
1459 1214 1770 1307 quoniam
1799 1213 1966 1306 nigri
1999 1211 2250 1305 plumbi
2279 1214 2535 1285 decima

416 1322 636 1413 portio
690 1320 989 1403 additur,
1033 1332 1101 1385 at
1150 1320 1504 1411 argentarii
1565 1320 1879 1411 vigesima
1924 1340 1939 1381 :
1987 1318 2396 1411 maximeque
2449 1325 2540 1390 ita

416 1422 706 1493 colorem
744 1424 939 1509 bibit,
974 1447 1167 1515 quem
1211 1424 1650 1515 graecanicum
1693 1436 1954 1490 vocant.
1999 1424 2367 1492 Novissima
2405 1440 2537 1511 est,

416 1555 563 1623 quae
602 1543 881 1597 vocatur
931 1526 1197 1609 Ollaria,
1238 1550 1393 1593 vase
1430 1551 1675 1595 nomen
1715 1527 1845 1594 hoc
1898 1526 2134 1614 dante,
2175 1530 2374 1597 ternis
2427 1546 2540 1599 aut

417 1635 750 1727 quaternis
782 1631 962 1699 libris
994 1630 1244 1724 plumbi
1282 1633 1633 1725 argentarii
1664 1633 1732 1699 in
1770 1645 2077 1701 centenas
2111 1634 2253 1702 aeris
2283 1633 2537 1703 additis.

419 1738 667 1831 Cyprio
720 1740 773 1805 si
817 1736 1097 1805 addatur
1139 1736 1526 1831 plumbum,
1584 1736 1763 1806 colos
1803 1762 2112 1831 purpurae
2166 1737 2240 1806 fit
2283 1741 2350 1806 in
2401 1755 2537 1809 sta-

417 1856 679 1911 tuarum
722 1843 1071 1936 praetextis.

523 1951 709 2017 XXI.
752 1950 907 2017 AEra
942 1962 1199 2016 extersa
1226 1946 1241 1971 ¹
1276 1948 1643 2042 rubiginem
1683 1946 1960 2017 celerius
1995 1949 2268 2018 trahunt
2292 2005 2310 2036 ,
2340 1976 2534 2044 quam

416 2052 743 2147 neglecta,
790 2054 909 2122 nisi
955 2052 1104 2121 oleo
1160 2069 1631 2148 perungantur.
1699 2052 1999 2122 Servari²
2046 2080 2122 2124 ea
2164 2058 2414 2150 optime
2469 2061 2538 2125 in

416 2158 657 2255 liquida
694 2162 839 2255 pice
879 2158 1163 2227 tradunt.
1220 2162 1401 2228 Usus
1442 2162 1586 2229 aeris
1627 2157 1707 2227 ad
1755 2163 2262 2254 perpetuitatem
2306 2187 2540 2230 monu-

417 2392 481 2427 eo
529 2373 681 2441 loco,
718 2371 863 2426 unde
920 2390 1015 2425 nos
1078 2382 1241 2441 caput
1292 2372 1431 2423 vice·-

419 2452 608 2505 simum
656 2451 907 2523 auspicati
949 2469 1158 2515 sumus,
1211 2464 1270 2503 ut
1322 2450 1434 2521 ipsa

418 2542 804 2585 commonstrat
844 2530 1081 2582 Pliniana
1133 2530 1321 2582 oratio.
1370 2529 1437 2581 In

418 2610 573 2664 MSS.
609 2630 773 2682 porro
784 2612 970 2679 frigori
992 2628 1168 2679 magno
1190 2608 1435 2679 legimus.

418 2688 484 2741 Η.
524 2720 601 2733 -
630 2690 867 2759 Frigore,
905 2700 1001 2741 etr.
1050 2687 1191 2757 Ignis
1228 2705 1438 2758 semper

422 2768 593 2819 acrior
617 2768 793 2820 hieme
826 2786 981 2837 quam
1018 2779 1221 2830 aestate3
1250 2778 1305 2818 et
1328 2784 1436 2837 quo

422 2848 591 2914 majus
633 2847 822 2915 frigus,
874 2862 939 2896 eo
980 2845 1115 2915 iguis
1150 2845 1343 2908 acrior,
1378 2857 1439 2897 ut

423 2936 630 2978 constat
673 2924 1044 2995 experimentis
1084 2922 1165 2973 Cl.
1202 2924 1437 2977 Micheli.

425 3004 595 3057 Βιοτ.

511 3101 532 3136 1
552 3102 597 3135 ι.
622 3082 831 3156 Sequens
858 3092 1169 3151 temptatum
1200 3085 1439 3133 statuaria

422 3174 518 3227 est,
557 3176 656 3216 etc.
697 3160 785 3215 Ad
815 3173 1007 3215 statuas
1048 3160 1342 3225 faciendas,
1388 3175 1441 3214 et

420 3242 491 3296 ad
512 3240 781 3295 ducendas
807 3242 1009 3295 tabulas
1043 3258 1243 3301 aneas,
1276 3241 1437 3293 altera

422 3323 537 3375 hec
578 3334 881 3393 opportuna
928 3320 1042 3373 aeris
1086 3332 1439 3391 temperatura

420 3414 515 3457 est.
548 3400 733 3455 Ηιιι).

505 3500 530 3535 1
544 3500 594 3534 2.
622 3481 791 3533 Massa
821 3480 1077 3550 proflatur.
1115 3477 1319 3531 Flando
1356 3496 1438 3531 re·

420 3561 661 3614 solvitur.
688 3560 866 3613 Han.

506 3640 591 3693 13.
630 3640 881 3691 Peculium
912 3640 961 3687 in
998 3656 1052 3687 eo
1077 3636 1439 3689 condimentum.

423 3706 703 3772 Peculiaris
740 3716 933 3771 coloris
966 3714 1270 3768 emendatio
1288 3754 1303 3779 ,
1334 3715 1441 3767 ele-

422 3800 623 3867 gantia,
664 3796 845 3869 gratia.
884 3796 1085 3847 Dutc-
1127 3824 1207 3834 —
1248 3798 1441 3847 Aetn‘m

427 3876 622 3942 domiti,
669 3889 717 3929 ot
748 3874 1085 3927 consuetudine
1107 3876 1307 3937 nitoris,
1339 3886 1437 3927 etc.

428 3954 651 4017 Quando
672 3976 737 4010 ex
758 3954 947 4009 crebro
966 3953 1155 4007 attritu
1177 3951 1437 4007 domitum

1521 2383 1626 2431 est,
1675 2382 1730 2423 et
1771 2370 2056 2441 quemdam
2098 2372 2265 2425 veluti
2311 2373 2540 2426 nitorem

1523 2450 1698 2501 traxit.
1733 2450 1915 2502 nnn.

1611 2547 1632 2579 ι
1647 2535 1699 2590 4.
1721 2530 2000 2581 Miscentur.
2029 2530 2234 2583 Colossi
2256 2543 2545 2601 equestres,

1523 2607 1782 2659 similesve
1822 2621 2034 2671 statuae,
2063 2628 2168 2661 uon
2197 2628 2260 2661 ex
2293 2612 2404 2663 solo
2440 2630 2542 2664 oere

1522 2684 1839 2747 conflantur,
1882 2686 1974 2738 sed
2007 2706 2128 2757 pars
2164 2688 2338 2760 aliqua
2369 2692 2540 2743 stanni

1525 2763 1906 2818 cornubiensis
1943 2764 2279 2833 admiscetur,
2319 2781 2378 2821 ut
2412 2770 2542 2822 faci·

1525 2844 1626 2897 lius
1650 2862 1717 2896 ms
1739 2844 1912 2896 susum
1935 2843 2062 2897 fluat
2093 2864 2106 2897 τ
2129 2859 2256 2899 tunc
2283 2850 2540 2918 appellari

1523 2925 1657 2977 solet
1711 2923 1901 2975 bronze.
1947 2924 2002 2975 Si
2055 2944 2173 2977 cum
2225 2939 2435 2979 centum
2476 2928 2542 2979 li-

1523 3002 1634 3054 bris
1659 3004 1774 3055 aeria
1801 3003 2118 3056 misceantur
2144 3004 2334 3074 viginti
2359 3006 2541 3076 pondo

1521 3082 1694 3133 stanni
1739 3082 2125 3151 purgatissimi,
2169 3098 2386 3139 vocatur
2427 3106 2542 3139 me·

1526 3162 1708 3213 tellum
1729 3200 1744 3223 ,
1771 3173 1832 3213 ut
1864 3162 1917 3213 in
1945 3164 2210 3232 campanis
2239 3168 2544 3219 tormentis-

1525 3258 1628 3310 que
1671 3239 1956 3309 ignivomis
2001 3240 2118 3293 fieri
2159 3244 2307 3297 solet.
2357 3246 2542 3299 Simile

1524 3318 1652 3371 huic
1679 3319 1788 3372 fere
1815 3333 1920 3385 est,
1945 3321 2000 3371 in
2026 3340 2132 3391 quo
2155 3323 2430 3393 plumbum
2456 3344 2542 3377 ar-

1526 3398 1817 3468 gentarium
1861 3398 2138 3453 admisceri
2183 3404 2398 3456 solitum
2433 3404 2540 3456 Pli-

1525 3476 1646 3531 nius
1665 3477 1736 3531 ait
1753 3480 1856 3531 hoc
1881 3480 1981 3533 loc.
1999 3480 2141 3551 quod
2160 3480 2359 3535 idcirco
2380 3482 2540 3533 album

1527 3576 1592 3609 ωε
1623 3558 1849 3629 appellat
1868 3594 1883 3619 ,
1917 3560 2082 3624 XVI,
2113 3581 2204 3614 απ.
2234 3562 2414 3613 Hono.

1614 3640 1699 3690 15.
1731 3638 1986 3691 For-malis.
2010 3638 2092 3691 Ad
2122 3640 2319 3691 formas
2344 3638 2541 3690 facien-

1529 3714 1650 3779 dae,
1683 3738 1812 3787 pour
1841 3718 1979 3785 sair-e
2010 3718 2092 3768 des
2129 3717 2318 3767 moules.
2353 3717 2420 3768 Η.

1605 3796 1756 3849 XXI.
1799 3816 1846 3849 1.
1877 3798 2014 3848 AEm
2040 3807 2224 3846 extersa
2242 3831 2256 3857 ,
2287 3808 2386 3847 etc.
2407 3796 2543 3847 Tot-

1529 3875 1668 3929 idem
1701 3876 1874 3928 verbis
1903 3872 2089 3927 Isidor.
2119 3872 2284 3936 XVI,
2317 3890 2404 3942 ¹9·
2435 3874 2499 3928 H.

1614 3975 1662 4007 2.
1697 3954 1906 4009 Servari.
1927 3950 2118 4003 Isidor.
2151 3950 2252 4003 loc.
2279 3952 2368 4006 cit.
2407 3956 2474 4010 Η.
