2975 4684
1047 418 1356 488 LIBER
1427 418 1688 487 XXXI
1711 418 1785 486 V.

2348 414 2487 487 233

358 536 714 620 chitectus⁸
741 549 1150 621 Alexandriae
1169 551 1519 622 Arsinoes⁹
1538 548 1857 645 templum
1892 572 2361 618 concamerare
2396 552 2487 617 in-

361 655 720 725 choaverat
739 709 757 743 ,
791 670 867 725 ut
899 658 966 725 in
998 679 1078 726 eo
1107 656 1531 727 simulacrum
1550 655 1601 681 ²⁰
1636 657 1777 749 ejus
1815 680 1852 723 e
1884 654 2061 723 ferro
2090 654 2381 749 pendere
2415 658 2484 724 in

358 784 510 830 aere
535 762 888 831 videretur.
921 764 1302 835 intercessit
1339 788 1519 833 mors
1554 778 1623 832 et
1656 763 1881 856 ipsiuS,
1904 775 1972 829 et
1998 759 2487 855 Ptolemaei‚qui

359 867 426 937 id
467 870 680 938 sorori
714 894 846 937 suae
872 868 1156 961 jusserat
1189 869 1350 939 fieri.

463 976 716 1043 XLIII.
761 972 1186 1045 Metallorum
1221 978 1521 1046 omnium
1560 996 1729 1043 vena
1774 972 1931 1042 ferri
1974 971 2330 1065 largissima
2362 987 2480 1042 est.
2524 1004 2547 1038 1

361 1079 732 1149 Cantabriae
767 1082 1109 1152 maritimae
1148 1080 1390 1177 parte¹,
1427 1105 1627 1176 quam
1675 1082 1985 1149 Oceanus
2030 1075 2250 1159 alluit,
2292 1103 2485 1148 mons

357 1199 689 1279 praerupte
717 1184 923 1270 altus,
965 1186 1346 1257 incredibile
1383 1187 1602 1270 dictu,
1636 1200 1813 1255 totus
1840 1208 1919 1253 ex
1954 1206 2031 1251 ca
2068 1187 2339 1253 materie
2364 1200 2487 1270 est,

359 1304 435 1359 ut
478 1291 545 1359 in
593 1292 839 1361 ambitu
885 1294 1142 1361 Oceani
1187 1291 1525 1363 diximus².
1566 1283 1737 1380 (xv.)
1776 1274 2092 1359 Ferrum³
2136 1312 2486 1358 accensum

359 1396 536 1489 igni,
575 1398 699 1465 nisi
727 1397 1004 1467 duretur
1041 1398 1317 1483 ictibus,
1361 1398 1829 1490 corrumpitur.
1876 1381 2187 1463 Rubens⁴
2222 1419 2359 1463 non
2389 1410 2491 1463 est

357 1500 578 1570 habile
597 1502 936 1571 tundendo
952 1526 1204 1595 ‚neque
1227 1517 1583 1597 antequam
1606 1500 1937 1570 albescere
1967 1500 2254 1629 incipiat.
2284 1504 2489 1569 Aceto

360 1621 478 1675 aut
513 1605 802 1675 alumine
835 1606 1070 1675 illitum
1115 1608 1192 1676 fit
1228 1610 1341 1677 oeri
1377 1606 1608 1677 simile.
1648 1610 1706 1677 A
1742 1590 2081 1700 rubigine⁵
2120 1604 2495 1675 vindicatur
2532 1648 2560 1679 ω

361 1716 666 1793 cerussa,
699 1726 766 1781 ct
809 1738 1055 1807 gypso,
1101 1727 1166 1782 et
1203 1712 1446 1807 liquida
1486 1714 1651 1808 pice.
1706 1713 1867 1781 Haec
1906 1726 2005 1779 est
2047 1724 2493 1805 temperatura

362 1838 403 1885 a
425 1818 676 1887 Graecis
704 1804 1114 1913 antipathia⁶
1131 1818 1324 1889 dicta.
1355 1822 1605 1888 Ferunt
1626 1818 1893 1912 quidam
1915 1831 1983 1885 et
2006 1816 2319 1911 religione
2345 1840 2501 1910 qua·

359 2006 584 2063 Suidss'
569 2022 724 2075 ntem,
749 2010 912 2063 verbo
935 2016 1214 2081 Μαγνῆτις.
1239 2011 1381 2065 Hinc

359 2102 474 2141 orta
493 2088 562 2143 de
575 2090 856 2161 sepulchro
869 2089 1168 2143 Mahometi
1185 2090 1379 2144 fabula.

439 2168 491 2222 8.
536 2170 655 2223 Dia.
693 2170 995 2224 architectus.
1027 2169 1172 2223 Editi
1200 2170 1379 2224 bacte-

359 2264 460 2301 nus
489 2247 612 2301 libri
633 2250 940 2302 Dinocrates.
967 2251 1097 2321 Reg.
1131 2268 1159 2302 s
1191 2261 1243 2302 et
1275 2248 1378 2303 Ch.

369 2326 669 2381 Timochares
689 2348 711 2381 .·
743 2327 886 2381 unde
941 2348 1038 2381 nos
1083 2328 1382 2381 Dinochares

363 2406 696 2471 effinximns,
737 2421 798 2460 nt
839 2408 936 2461 lib.
977 2426 1092 2478 cap.
1150 2426 1242 2472 ιι,
1285 2408 1382 2461 etsi

363 2483 582 2555 quidam
623 2486 694 2541 ibi
724 2508 755 2541 a
791 2488 946 2540 nobis
982 2488 1125 2541 citati
1160 2488 1384 2558 scripto-

363 2583 478 2629 res,
511 2565 836 2619 Dinocratem.
881 2568 950 2620 At
983 2565 1254 2619 Ausonius
1282 2567 1384 2619 hoc

362 2642 536 2715 ipsum
579 2645 648 2698 de
689 2664 896 2699 camera
930 2648 1220 2718 magnetica
1257 2664 1383 2699 nar-

361 2742 515 2789 rans,
537 2724 682 2796 qnod
703 2724 906 2777 Plinius
921 2726 1026 2779 hoc
1053 2728 1168 2777 loco
1191 2725 1381 2790 refert,

364 2802 718 2856 Dinocharem
764 2804 993 2875 appellat
1023 2824 1037 2856 τ
1079 2802 1238 2874 Idyll.
1269 2804 1382 2868 11,

367 2880 476 2945 vel,
503 2892 566 2933 ut
589 2882 680 2934 alii
708 2882 758 2933 X
775 2921 792 2949 ,
817 2901 868 2936 v.
894 2884 1002 2935 310
1027 2901 1042 2936 τ
1071 2904 1094 2927 κ
1121 2881 1383 2936 Conditor

361 2959 453 3013 hic
481 2959 653 3012 forsan
685 2961 846 3013 fuerit
870 2960 1225 3014 Ptolemaidos
1251 2962 1384 3015 anto

364 3038 691 3091 Dinochares
714 3058 727 3091 ε
752 3038 958 3110 quadro
977 3039 1063 3091 cui
1087 3038 1143 3091 in
1177 3040 1385 3111 fastigia

363 3136 506 3171 cono
517 3116 697 3189 Surgit
721 3140 732 3169 :
760 3131 813 3170 et
841 3118 953 3189 ipsa
976 3136 1094 3172 suas
1121 3122 1388 3175 consumit

363 3198 600 3271 pyramis
621 3200 836 3251 umbras
863 3216 877 3249 ε
898 3198 932 3250 J
935 3218 1084 3253 ussus
1105 3200 1176 3251 ob
1199 3200 1385 3253 incesti

361 3278 456 3350 qui
484 3276 752 3349 quondam
791 3276 960 3331 foedus
1003 3280 1196 3332 amoris
1232 3278 1383 3333 Arsi·

361 3376 502 3411 noea
527 3357 708 3411 Pharii
733 3356 1008 3427 suspendit
1023 3358 1079 3411 in
1104 3377 1224 3413 sere
1247 3372 1382 3413 tem-

361 3436 456 3508 pli.
486 3462 509 3484 ι
545 3436 686 3489 vide
711 3438 868 3489 ctiam
901 3436 1289 3511 Augustiuum,
1314 3437 1382 3492 de

364 3515 482 3570 civ.
509 3516 643 3577 Dei,
673 3516 837 3579 xxl,
861 3520 915 3569 6.
945 3518 1126 3571 Hinn.

443 3616 497 3665 9.
523 3598 774 3649 Arsinoes.
797 3597 930 3660 Quae
955 3596 1224 3649 Ptolemaei
1255 3596 1381 3649 Phi·

361 3674 591 3747 ladelphi
637 3687 690 3728 et
727 3694 894 3736 soror,
936 3688 990 3727 et
1023 3678 1216 3747 conjux
1249 3676 1382 3741 fuit,

363 3766 424 3807 ut
451 3753 683 3809 diximus
713 3754 820 3810 VI.
855 3753 948 3806 32.
972 3754 1158 3808 Hann.

451 3852 536 3888 ιο.
592 3834 660 3888 Ut
707 3838 758 3886 in
799 3854 856 3885 eo
907 3834 1208 3887 simulacrum
1259 3836 1378 3905 ejus.

365 3910 430 3962 In
458 3912 774 3967 Alexandria
803 3914 1016 3986 AEgypti
1047 3914 1382 3984 laquearibus

368 3992 550 4061 templi
575 3992 782 4062 Serspis
803 4012 1016 4064 msgnes
1037 3994 1230 4047 infixus
1247 4032 1264 4058 ,
1287 4008 1382 4049 sta·

366 4080 509 4121 tunm
548 4088 772 4136 aeuesm,
807 4072 861 4125 in
893 4075 1042 4145 cujus
1071 4074 1246 4145 eapite
1279 4074 1380 4128 fer·

1467 2027 1593 2063 rum
1624 2008 1889 2063 inclusum
1926 2020 2040 2075 est,
2076 2007 2151 2061 sic
2192 2008 2395 2072 tenuit,
2434 2022 2497 2063 ut

1469 2088 1643 2143 medis
1688 2106 1787 2141 nec
1830 2088 2003 2141 solum
2048 2089 2363 2159 attingeret,
2397 2106 2495 2141 nec

1467 2170 1699 2221 culmen.
1752 2168 2005 2221 Ferreum
2049 2167 2373 2219 Mahumetis
2414 2184 2495 2219 se-

1469 2248 1759 2319 pulchrum
1781 2246 1836 2300 in
1860 2244 2076 2299 Medius
2094 2246 2341 2309 Talnabi,
2364 2246 2495 2298 Ara-

1469 2328 1571 2380 bioe
1614 2328 1827 2380 Petraea
1871 2342 1999 2396 opp·
1987 2324 2106 2389 ·do,
2140 2326 2397 2397 magnetis
2438 2324 2491 2377 vi

1468 2420 1693 2460 tractum
1732 2403 2059 2476 suspendere
2095 2406 2286 2457 Turcae
2320 2404 2495 2457 conati

1469 2498 1614 2540 sunt.
1644 2486 1786 2537 Du..

1550 2565 1754 2617 XLIII.
1805 2582 1855 2617 1.
1908 2562 2191 2617 Cantabria
2239 2566 2495 2615 maritima

1463 2656 1622 2715 porte.
1650 2644 1799 2695 Vena
1818 2642 1906 2695 illa
1928 2642 2052 2695 ferri
2079 2642 2365 2714 largissima
2388 2655 2491 2708 est,

1469 2728 1594 2777 mine
1605 2725 1667 2775 dc
1686 2721 2035 2773 Sommomstm
2048 2723 2171 2774 dans
2184 2722 2235 2775 la
2254 2722 2459 2795 Bisa-aye
2474 2763 2490 2787 ‚

1469 2804 1540 2857 de
1573 2821 1677 2876 qua
1720 2800 2121 2871 diligentissime
2158 2801 2369 2873 scripsit
2410 2802 2492 2855 Ci.

1469 2884 1694 2937 Bownts
1706 2921 1721 2944 ,
1748 2880 2081 2935 Introduction
2100 2882 2133 2933 ὰ
2154 2882 2392 2933 ‘'histob-e
2411 2900 2495 2932 mr·-

1471 2964 1639 3017 turelle
1664 2962 1955 3030 d’Espcgne
1971 3000 1985 3025 ,
2014 2978 2132 3031 pag.
2168 2960 2300 3012 322.
2320 2959 2489 3012 Bao-r.

1556 3061 1609 3097 s.
1642 3042 1888 3093 Diximus.
1912 3040 2035 3093 Lib.
2062 3040 2165 3102 lv,
2191 3058 2310 3111 cap.
2338 3040 2410 3107 34
2438 3040 2493 3093 in

1469 3121 1595 3175 fine.
1623 3120 1805 3174 Hsnn.

1554 3202 1610 3256 3.
1661 3199 1880 3252 Ferrum.
1925 3198 2013 3251 Ab
2058 3198 2142 3253 his
2172 3198 2345 3253 verbis
2386 3200 2496 3253 Pli-

1447 3280 1615 3332 ,ιιίιιιί
1638 3276 1867 3333 editores
1896 3295 2095 3331 novum
2130 3292 2289 3351 ceput
2321 3279 2498 3351 auspi-

1469 3360 1574 3413 cati
1598 3358 1813 3412 titulum
1836 3357 2094 3428 scripsere
2114 3380 2128 3409 ε
2162 3360 2241 3411 De
2261 3372 2491 3428 temperu-

1470 3450 1581 3490 tura
1604 3438 1753 3506 jen-1⁰.
1791 3439 1965 3502 Quem
2005 3438 2206 3510 praefigi
2247 3452 2495 3510 oportere

1467 3536 1585 3589 cap.
1628 3525 1721 3582 41,
1764 3530 1813 3571 et
1855 3531 2261 3588 argumentum,
2298 3530 2349 3570 et
2384 3516 2493 3568 Pli-

1465 3597 1657 3650 nimus
1682 3594 1879 3659 Index,
1903 3616 2061 3668 quem
2096 3596 2389 3658 edidimus,
2412 3595 2495 3646 in-

1467 3675 1624 3732 dicat.
1650 3678 1855 3731 Locum
1896 3678 2041 3730 hunc
2069 3692 2234 3745 porro
2267 3672 2491 3725 totidem

1466 3757 1644 3812 verbis
1676 3755 1916 3810 Isidorus
1957 3754 2229 3823 exscripsit
2247 3790 2263 3816 ‚
2308 3752 2491 3822 Origg.

1465 3836 1633 3900 xvl,
1666 3854 1751 3889 so.
1782 3836 1968 3888 Hann.

1551 3922 1602 3980 4.
1637 3916 1844 3968 Rubras.
1875 3910 2070 3964 Isidor.
2099 3908 2201 3961 loc.
2228 3907 2317 3962 cit.
2341 3908 2409 3965 Η.

1550 3998 1602 4049 5.
1636 3996 1689 4047 A
1721 3994 1950 4061 rubigine.
1985 3987 2178 4041 Isidor.
2200 3988 2234 4040 l.
2264 4006 2314 4043 c.
2338 3988 2408 4045 Η.

1550 4078 1603 4127 6.
1662 4070 1969 4139 Antipaehia.
2028 4060 2357 4135 Ᾰντιπάοιιπ,
2408 4072 2494 4125 vis
