2975 4684
879 434 1183 502 LIBER
1231 434 1588 502 XXXVI.

2153 427 2287 524 517

244 580 432 657 xuanto
466 580 616 647 sunt
651 566 860 661 magis
897 566 1174 637 caerulei.
1207 566 1584 660 AEthiopico
1620 564 1761 635 laus
1790 590 2048 636 summa
2076 563 2292 645 datur,

247 672 563 765 ondusque
598 688 871 766 argento
899 672 1299 767 rependitur.
1331 674 1675 742 Invenitur
1707 673 1817 742 hic
1847 674 1915 740 in
1942 670 2297 764 AEthiopiae
2369 754 2373 759 .

243 778 410 845 {imiri
431 803 454 844 :0
466 779 554 846 ita
574 793 850 847 vocatur
872 779 1053 873 regio
1073 802 1364 848 arenosa.
1381 778 1487 847 Ibi
1508 792 1575 847 et
1588 775 1999 847 haematites¹¹
2025 800 2296 871 magnes

243 884 516 976 anguinei
555 883 825 967 coloris,
873 886 1386 981 sanguinemque
1421 883 1738 966 reddens,
1774 885 1827 953 si
1862 896 2135 967 teratur,
2178 880 2295 951 sed

243 1002 262 1055 Ιζ
309 1013 589 1059 crocum.

646 992 730 1058 In
789 990 1181 1060 attrahendo
1238 990 1413 1059 ferro
1471 1015 1608 1059 non
1670 989 1901 1059 eadem
1940 989 2289 1057 haematitae
2326 1010 2358 1063 4

243 1109 455 1181 atura,
492 1120 638 1189 quae
683 1097 990 1189 magneti.
1037 1095 1390 1190 AEthiopici
1427 1109 1892 1189 argumentum
1936 1108 2035 1163 est
2056 1146 2076 1177 ,
2118 1092 2294 1223 quod

243 1214 549 1293 iagnetem
588 1224 853 1295 quoque
886 1200 1084 1274 alium
1127 1201 1210 1270 ad
1247 1226 1316 1272 se
1352 1200 1573 1270 trahit.
1629 1202 1880 1269 Omnes
1922 1196 2207 1269 autem¹²
2250 1200 2300 1275 ii

243 1304 522 1374 culorum
551 1306 1042 1375 medicamentis
1073 1322 1390 1400 prosunt,
1423 1306 1509 1375 ad
1539 1331 1724 1375 suam
1756 1308 2033 1435 quisque
2058 1305 2301 1399 portio-

243 1435 394 1479 em·
442 1412 850 1504 maximeque
898 1410 1250 1506 epiphoras
1303 1413 1560 1481 sistunt.
1597 1396 1904 1481 Sanant¹³
1955 1424 2023 1479 et
2070 1408 2303 1478 adusta

243 1517 455 1583 remati
488 1516 771 1609 tritique.
803 1513 988 1584 Alius
1019 1542 1244 1586 rursus
1274 1518 1340 1586 in
1370 1516 1597 1585 eadem
1627 1518 1961 1615 AEthiopia
1986 1540 2123 1584 non
2154 1539 2305 1607 pro-

243 1618 299 1685 ul
339 1644 524 1688 mons
557 1621 767 1714 gignit
797 1619 1076 1715 lapidem
1111 1610 1567 1691 theameden¹⁴¹
1573 1674 1591 1707 ,
1651 1624 1761 1717 qui
1815 1623 2063 1691 ferrum
2108 1644 2303 1749 omsne

243 1724 430 1817 bigit,
466 1726 860 1820 respuitque.
899 1728 1004 1796 De
1034 1741 1311 1822 utraque
1346 1720 1585 1797 natura
1622 1730 1855 1823 saepius
1884 1711 2228 1797 diximus¹⁵
2234 1776 2249 1793 .

296 1833 540 1899 XXVI.
601 1832 920 1924 Lapidem
967 1858 1006 1902 e
1044 1832 1284 1926 Scyro¹
1335 1832 1547 1903 insula
1595 1835 1928 1929 integrum
1982 1832 2303 1901 fluctuare

243 1934 490 2025 adurit,
527 1935 832 2005 eumdem
869 1940 1346 2007 comminutum
1384 1941 1611 2034 mergi.

243 2076 392 2134 κστός
431 2076 560 2128 {cim
593 2078 618 2128 ὁ
647 2077 729 2128 τὸν
763 2071 960 2145 σίδηρον
995 2078 1200 2145 ιύχερῶς

243 2176 359 2217 κων,
402 2154 483 2207 καὶ
517 2154 605 2212 τὴν
637 2156 782 2225 χρόαν
823 2156 1083 2215 κυανίζων,
1113 2175 1202 2207 σω-

243 2236 290 2293 ός
317 2254 372 2286 τι
397 2236 478 2286 καὶ
509 2237 594 2287 οὐκ
615 2234 740 2303 ἄγαν
775 2234 940 2303 βαρὸς.
967 2234 1034 2285 H.

273 2332 290 2364 ι
313 2332 333 2363 1
348 2352 361 2363 .
391 2313 692 2365 Hoemate'ees.
729 2312 987 2381 Magnetis
1008 2330 1195 2383 genus,

244 2392 486 2459 ματ-ἴτης,
513 2390 600 2443 cui
637 2410 668 2444 a
701 2392 880 2443 colore
911 2392 1202 2461 sanguineo

243 2489 408 2522 ›mem
442 2468 509 2521 H.
546 2500 625 2512 -—
664 2470 949 2521 Hamaxitos
990 2488 1200 2537 magnes.

243 2550 486 2601 aematites
501 2548 695 2619 ,vulgo
709 2548 847 2618 lapie
823 2569 926 2599 erm
942 2553 1204 2617 sauguine,

243 2629 457 2681 etallum
492 2626 620 2681 ferri
661 2626 1002 2681 ditissimum.
1043 2626 1202 2680 Cous.

243 2706 1034 2777 tnn,p.138.Bao¹r.—Ferri
1055 2706 1206 2757 istius

243 2806 283 2835 -ι-
302 2787 462 2849 nidd,
481 2774 724 2853 hamatae)
740 2785 1052 2855 fragmenta,
1069 2784 1206 2855 ignis

243 2882 294 2914 m
327 2882 514 2933 passa,
552 2862 842 2932 magnetica
867 2864 1062 2916 virtute
1093 2864 1206 2933 pol-

243 2954 314 2993 nt.
345 2942 451 2993 Eo.

273 3042 292 3071 1
308 3040 360 3073 a.
377 3020 560 3073 Omnes
578 3030 752 3071 autem.
775 3020 894 3073 Hoc
919 3019 988 3075 de
1011 3021 1208 3075 bama-

243 3118 281 3150 :e
303 3097 491 3169 lapide
517 3098 788 3169 speciatim
815 3099 974 3153 tradit
1001 3113 1053 3155 et
1075 3102 1204 3153 Dio-

243 3178 384 3231 orid.
409 3178 506 3231 lib.
524 3179 599 3239 V,
631 3196 746 3249 cap.
786 3186 916 3243 144.
942 3180 1124 3234 Ham).

269 3257 360 3311 13.
390 3258 588 3311 Sanam
623 3270 673 3309 ee
699 3260 888 3311 adusta.
916 3260 1056 3313 Plin.
1082 3259 1206 3313 val.

243 3358 275 3391 ›.
300 3339 422 3402 ΠΙ,
447 3356 568 3407 cap.
595 3334 685 3389 36.
719 3338 901 3392 Ham).

267 3436 290 3469 1
305 3425 359 3481 4.
395 3417 630 3488 Lapidem
658 3417 1206 3473 theamedenffbeame·

244 3516 272 3548 *s
295 3497 436 3567 lapis
463 3515 610 3550 nunc
641 3497 868 3567 ignotus.
901 3498 986 3552 Cl.
1003 3496 1114 3551 dux
1132 3516 1208 3551 nn

243 3595 342 3629 nra
357 3577 718 3630 celebritatem
740 3576 941 3631 addidit
963 3576 1114 3631 alteri
1131 3579 1207 3630 la·

243 3655 311 3720 Ji,
327 3656 480 3725 quisi
495 3654 714 3709 modico
727 3656 848 3727 igne
857 3656 1076 3722 calefiat,
1090 3655 1208 3729 pul·

243 3736 444 3789 mulum
469 3735 707 3800 attrahit,
735 3734 927 3790 deinde
949 3737 1106 3805 longe
1121 3755 1208 3789 re-

247 3814 350 3868 uit.
413 3816 580 3886 Lapis
625 3815 714 3868 ille
734 3854 750 3880 ,
796 3816 888 3886 qui
940 3816 996 3869 in
1039 3815 1208 3868 insula

243 3894 538 3963 iprobane,
574 3894 790 3966 Ceylan,
823 3896 1122 3966 reperitur,
1159 3895 1208 3946 la

243 3974 482 4025 armaline
515 3974 828 4045 appellatur.
855 3976 1014 4029 Baot.

267 4050 364 4117 15.
401 4052 596 4123 δορὰν
621 4053 844 4109 diximus.
885 4054 950 4109 In
992 4054 1212 4126 primia,

1285 2076 1381 2129 lib.
1410 2076 1543 2141 XX,
1580 2096 1696 2147 cap.
1730 2096 1775 2130 ι.
1814 2075 1997 2129 Simile
2042 2087 2121 2129 est
2155 2077 2304 2147 quod

1284 2155 1492 2208 Plinius
1507 2168 1628 2209 ante
1641 2155 1847 2218 retulit,
1862 2154 1955 2207 lib.
1970 2155 2052 2218 H,
2066 2174 2179 2225 cap.
2199 2159 2272 2223 98
2287 2178 2299 2207 ε

1291 2258 1314 2282 ι
1330 2234 1452 2287 Duo
1469 2248 1593 2287 sunt
1612 2248 1816 2287 montes
1830 2236 1978 2306 juxta
1998 2231 2195 2287 flumen
2215 2236 2305 2287 In-

1286 2311 1414 2365 dum
1433 2330 1449 2367 z
1471 2314 1623 2366 alteri
1654 2325 1843 2367 natura
1878 2325 1981 2371 est,
2018 2326 2076 2366 ut
2102 2314 2299 2367 ferrum

1285 2409 1445 2444 omne
1471 2404 1641 2445 teneat
1656 2430 1671 2457 ,
1693 2392 1840 2445 alteri
1864 2404 1924 2443 ut
1947 2404 2172 2462 respuat.
2197 2393 2304 2446 Ita-

1288 2487 1394 2538 que
1411 2470 1452 2521 οἱ
1470 2470 1577 2522 sint
1592 2470 1725 2523 clavi
1750 2471 1803 2522 in
1826 2471 2173 2525 calciamento
2185 2510 2201 2535 ,
2214 2490 2306 2525 ve-

1289 2548 1442 2617 stigia
1463 2549 1621 2601 avelli
1646 2550 1703 2600 in
1734 2551 1900 2601 altero
1925 2568 2033 2601 non
2059 2569 2227 2622 posse,
2248 2552 2302 2603 in

1288 2626 1452 2681 altero
1473 2626 1584 2679 sisti
1612 2646 1721 2678 non
1749 2645 1920 2698 posse.
1942 2654 1963 2675 ι
2009 2629 2073 2680 In
2101 2630 2231 2699 Reg.
2271 2650 2299 2683 a

1289 2702 1414 2759 cod.
1439 2704 1542 2757 hoc
1564 2716 1765 2757 tantun»
1790 2727 1802 2757 z
1838 2732 1861 2753 ι
1877 2706 2023 2759 Alius
2043 2726 2225 2762 rursus
2246 2708 2305 2761 in

1290 2782 1475 2837 eadem
1502 2784 1773 2855 AEthiopia
1802 2802 1911 2836 non
1938 2788 2127 2854 procul
2149 2806 2302 2841 monn

1286 2862 1493 2915 ferrum
1522 2882 1679 2915 omne
1703 2862 1894 2933 abigit,
1919 2864 2241 2935 respuitque.
2274 2892 2307 2921 ι.

1368 2943 1573 2995 XXVI.
1614 2960 1639 2995 ι
1652 2980 1665 2993 .
1689 2942 1919 3012 Lapidem
1942 2964 1971 2993 e
1991 2942 2165 3014 Scyro.
2180 2945 2304 3016 Egi.

1287 3040 1407 3074 mus
1425 3020 1493 3074 de
1520 3038 1581 3074 ea
1610 3022 1782 3075 insula
1808 3022 1865 3075 iu
1899 3020 2305 3094 Geographicis,

1287 3100 1382 3154 lib.
1399 3100 1500 3165 IV,
1517 3118 1632 3171 cap.
1656 3100 1745 3153 23.
1772 3102 1825 3153 Ε
1844 3101 1997 3173 Sym,
2016 3120 2123 3155 non
2142 3124 2169 3155 e
2186 3102 2305 3177 Scy·

1290 3200 1346 3232 m
1363 3220 1378 3245 ,
1399 3179 1525 3232 libri
1556 3178 1769 3251 quidam
1811 3180 1969 3235 MSS.
1990 3182 2302 3252 preferunt.

1292 3260 1408 3331 Ego
1429 3278 1559 3311 vero
1585 3257 1653 3312 de
1678 3262 1843 3331 Scyro
1882 3272 1941 3314 ut
1976 3261 2089 3313 hoec
2122 3264 2303 3333 potius

1289 3336 1600 3408 accipienda
1625 3352 1833 3410 putem,
1862 3342 2173 3411 faveamque
2192 3340 2305 3392 vul·

1291 3432 1422 3489 gatae
1445 3418 1699 3473 hactenus
1741 3419 1986 3485 lectioni,
2028 3422 2152 3471 facit
2190 3418 2303 3469 Eu·

1292 3496 1470 3550 stathii
1491 3498 1547 3550 in
1572 3499 1757 3570 primis
1786 3500 2065 3553 auctoritas
2080 3536 2097 3561 ,
2120 3496 2212 3566 qui
2237 3494 2305 3547 ad

1295 3576 1523 3647 Dionys·
1562 3596 1696 3631 vers.
1729 3580 1835 3631 521
1855 3617 1870 3640 ,
1910 3596 1965 3647 p.
1994 3592 2088 3645 71,
2127 3576 2303 3645 Σκύρον

1296 3657 1518 3727 Scyrum
1532 3657 1751 3711 insulam
1776 3658 1851 3709 sic
1863 3672 1971 3707 esse
1990 3654 2303 3724 appellatam

1295 3736 1558 3806 prodidit,
1600 3736 1745 3806 quod
1768 3734 1835 3786 sit
1860 3745 2097 3805 petrosa,
2122 3733 2308 3800 σκυρώε-

1295 3810 1414 3875 d‘nc:
1440 3818 1617 3886 aitque
1638 3833 1667 3867 e
1688 3810 1985 3883 lapicidinis
2007 3810 2129 3862 erui
2140 3812 2308 3864 varie-

1295 3908 1442 3966 gatos
1467 3892 1671 3965 lapides
1690 3932 1703 3955 ‚
1726 3890 1817 3961 qui
1845 3890 2016 3958 Scyrii
2037 3891 2305 3961 appellen·

1299 3986 1384 4027 tur
1407 3997 1418 4027 :
1445 3976 1665 4043 μέταλλα
1690 3966 1753 4023 3⁴6
1791 3970 1883 4023 tim
1908 3970 2126 4031 ποικίλης
2149 3972 2275 4023 λίθου
2292 4008 2307 4031 ,

1299 4055 1499 4124 &nuptu
1522 4052 1803 4122 λεγομένης.
1831 4049 1901 4102 Et
1929 4048 1983 4100 in
2012 4048 2311 4105 Proverbii-

1930 4130 2066 4209 333
