2975 4684
454 356 588 437 140
973 356 1051 425 c.
1104 357 1220 425 PL
1353 307 1434 427 'il
1483 355 1707 427 NAT.
1759 350 2016 422 msT.
2277 384 2288 393 -

380 498 411 556 4
445 486 754 556 ditiarum
785 339 1352 599 respectuygj:
1380 491 1506 558 tria
1540 511 1780 584 genera
1810 513 1825 556 ε
1864 483 2217 558 candidum
2234 535 2255 569 ‚
2282 502 2561 580 argento

446 593 662 662 nitore
699 617 898 688 quam
935 595 1232 690 proxime
1273 595 1629 682 accedens,
1658 595 1727 662 in
1758 619 1890 688 quo
1928 591 2038 662 illa
2070 594 2352 662 mixtura
2378 615 2555 684 pra}-

445 697 688 768 valuit:
715 699 992 770 alterum
1021 702 1090 770 in
1126 727 1260 796 quo
1289 703 1434 771 auri
1467 701 1651 770 fulva
1681 713 1920 769 natura
1954 724 1969 766 ε
2014 700 2278 768 tertium
2316 699 2383 768 in
2422 722 2556 792 quo

445 804 709 898 aequalis
759 808 1052 876 omnium
1111 809 1460 904 temperies
1510 807 1649 876 fuit.
1703 808 1948 875 Proeter
2004 805 2145 875 haec
2189 818 2325 890 est,
2368 803 2557 896 cuj-us

443 911 614 978 ratio
667 937 804 981 non
857 927 1076 1006 potest
1115 913 1334 998 reddi,
1379 935 1759 1008 quanquam
1807 911 2095 980 hominis
2139 931 2339 980 manu
2382 907 2559 978 facta

443 1013 699 1086 dederit
758 1018 1026 1087 fortuna
1092 1033 1687 1116 temperamentum
1764 1016 2137 1086 simulacro·
2192 1016 2559 1111 signisque,

443 1119 604 1190 illud
623 1147 745 1191 suo
767 1123 988 1193 colore
1018 1127 1375 1219 pretiosum
1405 1124 1489 1194 ad
1507 1125 1823 1219 jocineris
1854 1124 2203 1216 imaginem
2244 1146 2553 1216 vergens,

344 1283 358 1294 .
443 1227 622 1320 quod
651 1228 800 1299 ideo
823 1229 1210 1324 hepatizon⁹
1231 1230 1596 1327 appellant,
1628 1217 1859 1324 procul
1880 1252 1919 1297 a
1936 1227 2285 1297 Corinthio
2310 1254 2327 1294 ε
2356 1225 2553 1319 longe

442 1345 664 1401 tamen
701 1350 855 1404 ante
890 1337 1326 1431 AEgineticum
1364 1352 1562 1431 atque
1607 1335 1986 1420 Deliacum,
2031 1358 2177 1428 quae
2228 1333 2338 1401 diu
2382 1330 2549 1399 obti-

439 1461 643 1508 nuere
671 1443 1129 1535 principatum.
1240 1523 1246 1528 ¹

543 1547 664 1614 lv.
697 1549 1160 1642 Antiquissima
1195 1551 1340 1620 aeris
1369 1548 1576 1645 gloria
1613 1546 1885 1616 Deliaco
1921 1543 2100 1634 suiv,
2130 1561 2457 1616 mercatus
2484 1543 2551 1611 in

437 1649 610 1719 Delo
643 1652 1146 1726 concelebrante
1180 1670 1320 1724 toto
1349 1655 1543 1737 orbe,
1572 1668 1637 1721 et
1673 1653 1821 1722 ideo
1861 1677 2023 1722 cura
2064 1652 2380 1739 officinis»,
2422 1651 2553 1741 tri-

436 1753 781 1826 cliniorum
835 1758 1110 1852 pedibus
1167 1759 1545 1853 fulcrisque.
1603 1760 1704 1827 Ibi
1753 1761 1971 1852 prima
2034 1757 2337 1828 nobilitas
2382 1761 2547 1830 aeriS.
2654 1763 2659 1768 ’

435 1863 743 1930 Pervenit
784 1863 1020 1932 deinde
1072 1865 1156 1932 ad
1199 1864 1394 1934 deum
1443 1863 1825 1949 simulacra,
1877 1862 2295 1956 effigiemque
2332 1864 2545 1932 horni-

433 1990 620 2053 num‚
676 1981 744 2036 et
777 1965 1054 2037 aliorum
1095 1969 1497 2039 animalium.

537 2074 622 2141 V.
673 2075 980 2144 Proxima
1023 2073 1164 2144 laus
1214 2077 1580 2169 AEginetico
1630 2074 1771 2143 fuit.
1815 2069 2036 2142 Insula
2079 2086 2147 2140 et
2193 2075 2333 2166 ipsa
2353 2080 2377 2155 ,'
2425 2097 2549 2142 nec

431 2201 518 2246 aes
551 2180 857 2274 gignens»,
911 2181 1024 2250 sed
1066 2181 1482 2252 officinarum
1528 2194 1971 2274 temperatura
2012 2177 2378 2247 nobilitata.
2418 2181 2549 2248 Bos
2605 2258 2616 2269 ο

432 2309 640 2355 aereus
678 2287 829 2356 inde
872 2302 1103 2381 captus
1145 2289 1215 2357 in
1269 2288 1415 2358 foro
1474 2283 1733 2356 boario¹
1794 2300 1893 2354 est
1940 2287 2187 2354 Romae.
2236 2287 2382 2352 Hoc
2425 2285 2550 2354 erit

431 2392 768 2486 exemplar
803 2396 1145 2487 AEginetici
1176 2397 1319 2464 aeris
1352 2421 1367 2462 :
1396 2394 1648 2465 Deliaci
1687 2407 1909 2461 autem
1945 2392 2203 2484 Jupiter
2248 2391 2318 2457 in
2346 2391 2549 2484 Capi—

429 2494 590 2565 tolio
616 2499 686 2565 in
711 2501 892 2569 Jovis
922 2501 1240 2571 Tonantis
1265 2501 1421 2571 aede.
1452 2499 1580 2570 Illo
1614 2523 1742 2566 aere
1778 2499 2021 2590 Myron
2058 2519 2215 2566 usus
2246 2508 2379 2583 est,
2414 2497 2547 2566 hoc

430 2600 798 2696 Polycletus
817 2656 836 2688 ‚
881 2606 1162 2700 aequales
1191 2621 1389 2702 atque
1415 2602 1863 2699 condiscipuli.
1889 2599 2241 2684 AEmulatio
2272 2603 2347 2672 iis
2382 2617 2449 2672 et
2478 2605 2568 2689 ins

426 2711 704 2779 materia
735 2709 912 2782 fuit².
1986 2775 1993 2782 .

534 2816 655 2885 Vr.
691 2805 855 2906 (ιιι.)
893 2819 1204 2888 Privatim
1252 2819 1487 2912 AEgina
1532 2815 2079 2886 candelabrorum
2126 2815 2541 2910 superficiem

425 2918 770 2991 dumtaxat
797 2921 1188 3002 elaboravit,
1233 2925 1405 2992 sicut
1435 2925 1797 2993 Tarentum
1820 2919 2111 3016 scapos¹.
2140 2923 2223 2992 In
2251 2921 2355 2990 his
2384 2947 2549 3018 ergo

505 3105 559 3156 8.
588 3103 937 3156 Munditiarum
955 3116 1182 3174 respectu.
1206 3106 1350 3161 Brot.
1375 3125 1440 3160 ex

423 3181 573 3236 Mss.
601 3182 764 3254 Regg.
791 3196 842 3236 et
861 3182 988 3238 edit.
1005 3183 1282 3256 principe,
1305 3205 1440 3239 mm-

422 3261 591 3314 diliar.
615 3262 848 3331 despectu.
877 3263 983 3318 En.

503 3361 556 3412 9.
588 3342 740 3410 Quod
765 3343 872 3394 ideo
900 3335 1154 3414 Ιισῤαὶτοιι
1174 3345 1437 3416 appellant.

424 3411 675 3482 ἡπατὶζον
692 3458 708 3485 ,
741 3421 991 3492 iocineris
1031 3422 1264 3477 colorem
1302 3425 1438 3478 refe·

422 3519 562 3554 rens.
586 3500 768 3554 ΗΑιιι).

499 3581 600 3634 IV.
639 3598 663 3633 1
677 3620 690 3633 .
737 3583 1088 3653 Antt'qm'ssima
1129 3583 1258 3634 oen's'
1275 3583 1438 3652 gloria

423 3661 627 3712 Deliaco
630 3660 752 3727 suit.
775 3661 1008 3715 Maxima
1019 3674 1099 3716 est
1109 3661 1437 3716 Tartessiaco

419 3757 484 3792 ex
530 3739 786 3810 Hispania
823 3738 967 3812 apud
1011 3740 1323 3794 Pausaniam
1378 3742 1435 3796 in

423 3818 632 3872 Eliaeis.
657 3820 952 3874 Dumm—
969 3819 1190 3874 Deliaco.
1223 3821 1435 3878 Deliaca

421 3915 538 3950 vasa
572 3911 624 3952 et
650 3897 928 3954 Corinthia
957 3897 1138 3956 laudat
1159 3900 1218 3953 in
1249 3901 1436 3972 primia

421 3971 610 4030 Cicero
625 4015 641 4042 ,
667 3977 723 4029 in
749 3979 991 4043 oratione
1015 3999 1116 4051 pro
1151 3979 1294 4034 Sext.
1327 3983 1434 4034 Ro-

1527 3106 1635 3160 scio
1678 3105 1961 3170 Amerino,
2000 3123 2151 3166 num.
2192 3104 2320 3158 153.
2360 3105 2545 3159 Haan.

1608 3185 1677 3237 V.
1728 3204 1778 3238 1.
1818 3185 1880 3237 In
1914 3183 2035 3252 soro
2076 3184 2261 3236 boario.
2308 3185 2547 3255 Reginae

1528 3265 1692 3318 Urbi·
1732 3277 1947 3327 octava,
1994 3282 2057 3317 ex
2092 3263 2155 3316 P.
2190 3263 2431 3325 Victore,
2486 3263 2542 3314 in

1528 3342 1885 3416 descriptione
1904 3343 2050 3398 urbis
2082 3343 2280 3395 Romo.
2306 3343 2489 3396 Ηιιιι).

1612 3442 1665 3476 a.
1705 3423 1985 3476 AEmulatio
2008 3433 2164 3474 motem
2188 3434 2238 3474 ec
2262 3425 2314 3472 in
2342 3425 2543 3474 mater-eh

1517 3504 1639 3570 suit.
1692 3493 1803 3571 (Sic
1849 3502 2090 3556 Gronov.
2138 3514 2194 3555 et
2240 3500 2365 3554 libri
2418 3511 2545 3553 ante

1524 3580 1691 3636 Has-d.
1716 3569 1957 3652 vulgati.)
1998 3582 2185 3636 Scribo
2214 3599 2229 3632 ι
2263 3605 2285 3627 ι
2308 3579 2543 3633 AEmnla-

1523 3662 1599 3715 tio
1636 3660 1703 3715 iia
1740 3674 1795 3715 et
1840 3660 1895 3712 in
1936 3661 2155 3714 materia
2192 3657 2311 3714 fuit.
2332 3683 2355 3703 ι
2380 3657 2541 3726 Poly-

1522 3740 1662 3794 deto
1687 3753 1743 3794 et
1767 3741 2001 3812 Myroni.
2028 3742 2101 3794 Τὸ
2136 3750 2291 3792 autem
2320 3735 2462 3790 delet
2487 3746 2539 3788 et

1523 3819 1813 3874 Pintiamu.
1839 3819 2023 3874 Gaoa.

1602 3899 1701 3952 v1.
1750 3919 1798 3953 1.
1838 3897 2039 3970 Scupos·
2084 3892 2539 3953 candelabrorum

1524 3991 1769 4044 mneos,
1806 3995 1868 4033 ac
1904 3976 2135 4034 ramulos
2176 3992 2191 4028 ε
2222 3973 2449 4026 brancha
2478 3972 2545 4026 de
